Use String para colocar el nombre de las revistas abreviado, si este es muy largo

Inserte la bibliografía de aquí en adelante usando el símbolo arroba - Usted puede generar la bibliografía desde un gestor como Mendeley
Tipos de bibliografía
ARTICLE
INCOLLECTION - Capítulo de libro
BOOK - Libro completo
MASTERTHESIS
PHDTHESIS
PROCEEDINGS - Memorias de congresos

@article{schirrmeister2017deep,
  title={Deep learning with convolutional neural networks for {EEG} decoding and visualization},
  author={Schirrmeister, Robin Tibor and Springenberg, Jost Tobias and Fiederer, Lukas Dominique Josef and Glasstetter, Martin and Eggensperger, Katharina and Tangermann, Michael and Hutter, Frank and Burgard, Wolfram and Ball, Tonio},
  journal={Human brain mapping},
  volume={38},
  number={11},
  pages={5391--5420},
  year={2017},
  publisher={Wiley Online Library}
}
@inproceedings{rahimi2007random,
  title={Random Features for Large-Scale Kernel Machines.},
  author={Rahimi, Ali and Recht, Benjamin and others},
  booktitle={NIPS},
  volume={3},
  number={4},
  pages={5},
  year={2007},
  organization={Citeseer}
}
@article{mirzaei2021eeg,
  title={{EEG} motor imagery classification using dynamic connectivity patterns and convolutional autoencoder},
  author={Mirzaei, Sayeh and Ghasemi, Parisa},
  journal={Biomedical Signal Processing and Control},
  volume={68},
  pages={102584},
  year={2021},
  publisher={Elsevier}
}

@inproceedings{rodrigues2022can,
  title={Can dynamic functional connectivity be used to distinguish between resting-state and motor imagery in EEG-BCIs?},
  author={Rodrigues, Paula G and Filho, Carlos A Stefano and Takahata, Andr{\'e} K and Suyama, Ricardo and Attux, Romis and Castellano, Gabriela and Sato, Jo{\~a}o R and Nasuto, Slawomir J and Soriano, Diogo C},
  booktitle={Complex Networks \& Their Applications X: Volume 2, Proceedings of the Tenth International Conference on Complex Networks and Their Applications COMPLEX NETWORKS 2021 10},
  pages={688--699},
  year={2022},
  organization={Springer}
}

@article{frolov2019feed,
  title={Feed-forward artificial neural network provides data-driven inference of functional connectivity},
  author={Frolov, Nikita and Maksimenko, Vladimir and L{\"u}ttjohann, Annika and Koronovskii, Alexey and Hramov, Alexander},
  journal={Chaos: An Interdisciplinary Journal of Nonlinear Science},
  volume={29},
  number={9},
  pages={091101},
  year={2019},
  publisher={AIP Publishing LLC}
}
@inproceedings{zhang2020spatial,
  title={Spatial-temporal Joint optimization Network on Covariance Manifolds of Electroencephalography for Fatigue Detection},
  author={Zhang, Xiaowei and Lu, Dawei and Shen, Jian and Gao, Jin and Huang, Xiao and Wu, Manxi},
  booktitle={2020 IEEE International Conference on Bioinformatics and Biomedicine (BIBM)},
  pages={893--900},
  year={2020},
  organization={IEEE}
}
@article{yuksel2015neural,
  title={A neural network-based optimal spatial filter design method for motor imagery classification},
  author={Yuksel, Ayhan and Olmez, Tamer},
  journal={PloS one},
  volume={10},
  number={5},
  pages={e0125039},
  year={2015},
  publisher={Public Library of Science San Francisco, CA USA}
}
@article{kwon2019subject,
  title={Subject-independent brain--computer interfaces based on deep convolutional neural networks},
  author={Kwon, O-Yeon and Lee, Min-Ho and Guan, Cuntai and Lee, Seong-Whan},
  journal={IEEE transactions on neural networks and learning systems},
  volume={31},
  number={10},
  pages={3839--3852},
  year={2019},
  publisher={IEEE}
}
@article{jahromy2019,
 author = {Jahromy, Fatemeh Zareayan and Bajoulvand, Atena and Daliri, Mohammad Reza},
 doi = {10.31083/j.jin.2019.03.601},
 journal = {Journal of Integrative Neuroscience},
 keywords = {},
 number = {3},
 pages = {293-297},
 title = {Statistical algorithms for emotion classification via functional connectivity.},
 url = {https://app.dimensions.ai/details/publication/pub.1121421951 and https://jin.imrpress.com/EN/article/downloadArticleFile.do?attachType=PDF&id=1604},
 volume = {18},
 year = {2019}
}
@inproceedings{feng2020functional,
  title={Functional Connectivity for Motor Imaginary Recognition in Brain-computer Interface},
  author={Feng, Zhao and Qian, Linze and Hu, Hongying and Sun, Yu},
  booktitle={2020 IEEE International Conference on Systems, Man, and Cybernetics (SMC)},
  pages={3678--3682},
  year={2020},
  organization={IEEE}
}
@article{riahi2020estimating,
  title={Estimating Fugl-Meyer Upper Extremity Motor Score from Functional-Connectivity Measures},
  author={Riahi, Nader and Vakorin, Vasily A and Menon, Carlo},
  journal={IEEE Transactions on Neural Systems and Rehabilitation Engineering},
  volume={28},
  number={4},
  pages={860--868},
  year={2020},
  publisher={IEEE}
}
@article{zhao2021classification,
  title={Classification of Schizophrenia by Combination of Brain Effective and Functional Connectivity},
  author={Zhao, Zongya and Li, Jun and Niu, Yanxiang and Wang, Chang and Zhao, Junqiang and Yuan, Qingli and Ren, Qiongqiong and Xu, Yongtao and Yu, Yi},
  journal={Frontiers in Neuroscience},
  volume={15},
  pages={552},
  year={2021},
  publisher={Frontiers}
}
@article{mcfarland2011brain,
  title={Brain-computer interfaces for communication and control},
  author={McFarland, Dennis J and Wolpaw, Jonathan R},
  journal={Communications of the ACM},
  volume={54},
  number={5},
  pages={60--66},
  year={2011},
  publisher={ACM New York, NY, USA}
}
@incollection{ramadan2015basics,
  title={Basics of brain computer interface},
  author={Ramadan, Rabie A and Refat, S and Elshahed, Marwa A and Ali, Rasha A},
  booktitle={Brain-Computer Interfaces},
  pages={31--50},
  year={2015},
  publisher={Springer}
}
@article{teo2014motor,
  title={Is motor-imagery brain-computer interface feasible in stroke rehabilitation?},
  author={Teo, Wei-Peng and Chew, Effie},
  journal={PM\&R},
  volume={6},
  number={8},
  pages={723--728},
  year={2014},
  publisher={Elsevier}
}
@article{bonci2021introductory,
  title={An Introductory Tutorial on Brain--Computer Interfaces and Their Applications},
  author={Bonci, Andrea and Fiori, Simone and Higashi, Hiroshi and Tanaka, Toshihisa and Verdini, Federica},
  journal={Electronics},
  volume={10},
  number={5},
  pages={560},
  year={2021},
  publisher={Multidisciplinary Digital Publishing Institute}
}
@incollection{vilela2020applications,
  title={Applications of brain-computer interfaces to the control of robotic and prosthetic arms},
  author={Vilela, Marco and Hochberg, Leigh R},
  booktitle={Handbook of clinical neurology},
  volume={168},
  pages={87--99},
  year={2020},
  publisher={Elsevier}
}
@article{clark2020cerebellar,
  title={Cerebellar contributions to proactive and reactive control in the stop signal task: A systematic review and meta-analysis of functional magnetic resonance imaging studies},
  author={Clark, Sarah V and King, Tricia Z and Turner, Jessica A},
  journal={Neuropsychology review},
  pages={1--24},
  year={2020},
  publisher={Springer}
}
@article{shao2020eeg,
  title={{EEG}-controlled wall-crawling cleaning robot using {SSVEP}-based brain-computer interface},
  author={Shao, Lei and Zhang, Longyu and Belkacem, Abdelkader Nasreddine and Zhang, Yiming and Chen, Xiaoqi and Li, Ji and Liu, Hongli},
  journal={Journal of healthcare engineering},
  volume={2020},
  year={2020},
  publisher={Hindawi}
}
@article{midha2021measuring,
  title={Measuring Mental Workload Variations in Office Work Tasks using fNIRS},
  author={Midha, Serena and Maior, Horia A and Wilson, Max L and Sharples, Sarah},
  journal={International Journal of Human-Computer Studies},
  volume={147},
  pages={102580},
  year={2021},
  publisher={Elsevier}
}
@article{yao2020eeg,
  title={{EEG}-Based Epilepsy Recognition via Multiple Kernel Learning},
  author={Yao, Yufeng and Ding, Yan and Zhong, Shan and Cui, Zhiming},
  journal={Computational and Mathematical Methods in Medicine},
  volume={2020},
  year={2020},
  publisher={Hindawi}
}
@article{meanti2020kernel,
  title={Kernel methods through the roof: handling billions of points efficiently},
  author={Meanti, Giacomo and Carratino, Luigi and Rosasco, Lorenzo and Rudi, Alessandro},
  journal={arXiv preprint arXiv:2006.10350},
  year={2020}
}
@article{vidaurre2020sensorimotor,
  title={Sensorimotor functional connectivity: a neurophysiological factor related to {BCI} performance},
  author={Vidaurre, Carmen and Haufe, Stefan and Jorajur{\'\i}a, Tania and M{\"u}ller, Klaus-Robert and Nikulin, Vadim V},
  journal={Frontiers in Neuroscience},
  volume={14},
  pages={1278},
  year={2020},
  publisher={Frontiers}
}
@article{sun2020directed,
  title={Directed effective connectivity and synaptic weights of in vitro neuronal cultures revealed from high-density multielectrode array recordings},
  author={Sun, Chumin and Lin, KC and Huang, Yu-Ting and Ching, Emily SC and Lai, Pik-Yin and Chan, CK},
  journal={bioRxiv},
  year={2020},
  publisher={Cold Spring Harbor Laboratory}
}
@article{knapen2021topographic,
  title={Topographic connectivity reveals task-dependent retinotopic processing throughout the human brain},
  author={Knapen, Tomas},
  journal={Proceedings of the National Academy of Sciences},
  volume={118},
  number={2},
  year={2021},
  publisher={National Acad Sciences}
}
@book{bochner2020harmonic,
  title={Harmonic analysis and the theory of probability},
  author={Bochner, Salomon},
  year={2020},
  publisher={University of California press}
}
@inproceedings{o2021l1,
  title={L1 regularization-based selection of {EEG} spectral power and {ECG} features for classification of cognitive state},
  author={O'Reilly, Jamie A and Chanmittakul, Wanchalerm},
  booktitle={2021 9th International Electrical Engineering Congress (iEECON)},
  pages={365--368},
  year={2021},
  organization={IEEE}
}
@article{mumtaz2018eeg,
  title={An {EEG}-based functional connectivity measure for automatic detection of alcohol use disorder},
  author={Mumtaz, Wajid and Kamel, Nidal and Ali, Syed Saad Azhar and Malik, Aamir Saeed and others},
  journal={Artificial intelligence in medicine},
  volume={84},
  pages={79--89},
  year={2018},
  publisher={Elsevier}
}
@book{kawanabe2006bayesian,
  title={A bayesian approach for adaptive BCI classification},
  author={Kawanabe, Motoaki and Krauledat, Matthias and Blankertz, Benjamin},
  year={2006},
  publisher={Citeseer}
}
@article{kaper2004bci,
  title={{BCI} competition 2003-data set {II}b: support vector machines for the P300 speller paradigm},
  author={Kaper, Matthias and Meinicke, Peter and Grossekathoefer, Ulf and Lingner, Thomas and Ritter, Helge},
  journal={IEEE Transactions on biomedical Engineering},
  volume={51},
  number={6},
  pages={1073--1076},
  year={2004},
  publisher={IEEE}
}
@article{subasi2010eeg,
  title={{EEG} signal classification using {PCA}, {ICA}, {LDA} and support vector machines},
  author={Subasi, Abdulhamit and Gursoy, M Ismail},
  journal={Expert systems with applications},
  volume={37},
  number={12},
  pages={8659--8666},
  year={2010},
  publisher={Elsevier}
}
@article{lopez2020beyond,
  title={Beyond Technologies of Electroencephalography-Based Brain-Computer Interfaces: A Systematic Review From Commercial and Ethical Aspects},
  author={Lopez, Cesar Augusto Fontanillo and Li, Guangye and Zhang, Dingguo},
  journal={Frontiers in Neuroscience},
  volume={14},
  year={2020},
  publisher={Frontiers Media SA}
}
@article{suto2018music,
  title={Music stimuli recognition in electroencephalogram signal},
  author={Suto, Jozsef and Oniga, Stefan},
  journal={Elektronika ir Elektrotechnika},
  volume={24},
  number={4},
  pages={68--71},
  year={2018}
}
@article{cardenas2017enhanced,
  title={Enhanced data representation by kernel metric learning for dementia diagnosis},
  author={C{\'a}rdenas-Pe{\~n}a, David and Collazos-Huertas, Diego and Castellanos-Dominguez, German},
  journal={Frontiers in neuroscience},
  volume={11},
  pages={413},
  year={2017},
  publisher={Frontiers}
}
@inproceedings{pulgarin2017relevant,
  title={Relevant kinematic feature selection to support human action recognition in {M}o{C}ap data},
  author={Pulgarin-Giraldo, Juan D and Ruales-Torres, AA and {\'A}lvarez-Meza, Andr{\'e}s Marino and Castellanos-Dominguez, Germ{\'a}n},
  booktitle={International Work-Conference on the Interplay Between Natural and Artificial Computation},
  pages={501--509},
  year={2017},
  organization={Springer}
}
@incollection{molina2015video,
  title={Video segmentation framework based on multi-kernel representations and feature relevance analysis for object classification},
  author={Molina-Giraldo, Santiago and Carvajal-Gonz{\'a}lez, J and {\'A}lvarez-Meza, Andr{\'e}s Marino and Castellanos-Dom{\'\i}nguez, Germ{\'a}n},
  booktitle={Pattern recognition applications and methods},
  pages={273--283},
  year={2015},
  publisher={Springer}
}
@article{velasquez2020dynamic,
  title={Dynamic Modeling of Common Brain Neural Activity in Motor Imagery Tasks},
  author={Velasquez-Martinez, Luisa F and Zapata-Castano, Frank and Castellanos-Dominguez, German},
  journal={Frontiers in Neuroscience},
  volume={14},
  year={2020},
  publisher={Frontiers Media SA}
}
@article{velasquez2020entropy,
  title={Entropy-Based Estimation of Event-Related De/Synchronization in Motor Imagery Using Vector-Quantized Patterns},
  author={Velasquez-Martinez, Luisa and Caicedo-Acosta, Juli{\'a}n and Castellanos-Dominguez, Germ{\'a}n},
  journal={Entropy},
  volume={22},
  number={6},
  pages={703},
  year={2020},
  publisher={Multidisciplinary Digital Publishing Institute}
}
@article{garcia2021single,
  title={Single-Trial Kernel-Based Functional Connectivity for Enhanced Feature Extraction in Motor-Related Tasks},
  author={Garc{\'\i}a-Murillo, Daniel Guillermo and Alvarez-Meza, Andres and Castellanos-Dominguez, German},
  journal={Sensors},
  volume={21},
  number={8},
  pages={2750},
  year={2021},
  publisher={Multidisciplinary Digital Publishing Institute}
}
@article{collazos2020cnn,
  title={{CNN}-based framework using spatial dropping for enhanced interpretation of neural activity in motor imagery classification},
  author={Collazos-Huertas, DF and {\'A}lvarez-Meza, AM and Acosta-Medina, CD and Casta{\~n}o-Duque, GA and Castellanos-Dominguez, G},
  journal={Brain Informatics},
  volume={7},
  number={1},
  pages={1--13},
  year={2020},
  publisher={Springer}
}
@article{nicolini2020scale,
  title={Scale-resolved analysis of brain functional connectivity networks with spectral entropy},
  author={Nicolini, Carlo and Forcellini, Giulia and Minati, Ludovico and Bifone, Angelo},
  journal={NeuroImage},
  volume={211},
  pages={116603},
  year={2020},
  publisher={Elsevier}
}
@article{rodrigues2019space,
  title={Space-time recurrences for functional connectivity evaluation and feature extraction in motor imagery brain-computer interfaces},
  author={Rodrigues, Paula G and Stefano Filho, Carlos A and Attux, Romis and Castellano, Gabriela and Soriano, Diogo C},
  journal={Medical \& biological engineering \& computing},
  volume={57},
  number={8},
  pages={1709--1725},
  year={2019},
  publisher={Springer}
}
@article{congedo2017fixed,
  title={Fixed point algorithms for estimating power means of positive definite matrices},
  author={Congedo, Marco and Barachant, Alexandre and Koopaei, Ehsan Kharati},
  journal={IEEE Transactions on Signal Processing},
  volume={65},
  number={9},
  pages={2211--2220},
  year={2017},
  publisher={IEEE}
}
@article{luo2021research,
  title={Research on Recognition of Motor Imagination Based on Connectivity Features of Brain Functional Network},
  author={Luo, Zhizeng and Jin, Ronghang and Shi, Hongfei and Lu, Xianju},
  journal={Neural plasticity},
  volume={2021},
  year={2021},
  publisher={Hindawi}
}
@article{wang2020diverse,
  title={Diverse feature blend based on filter-bank common spatial pattern and brain functional connectivity for multiple motor imagery detection},
  author={Wang, Hongtao and Xu, Tao and Tang, Cong and Yue, Hongwei and Chen, Chuangquan and Xu, Linfeng and Pei, Zian and Dong, Jiajun and Bezerianos, Anastasios and Li, Junhua},
  journal={IEEE Access},
  volume={8},
  pages={155590--155601},
  year={2020},
  publisher={IEEE}
}
@article{anowar2021conceptual,
  title={Conceptual and empirical comparison of dimensionality reduction algorithms ({PCA}, {KPCA}, {LDA}, {MDS}, {SVD}, {LLE}, {ISOMAP}, {LE}, {ICA}, {t-SNE})},
  author={Anowar, Farzana and Sadaoui, Samira and Selim, Bassant},
  journal={Computer Science Review},
  volume={40},
  pages={100378},
  year={2021},
  publisher={Elsevier}
}
@article{gonzalez2020network,
  title={Network-based brain computer interfaces: principles and applications},
  author={Gonzalez-Astudillo, Juliana and Cattai, Tiziana and Bassignana, Giulia and Corsi, Marie-Constance and Fallani, Fabrizio De Vico},
  journal={Journal of Neural Engineering},
  year={2020},
  publisher={IOP Publishing}
}
@article{gu2021common,
  title={Common Spatial Pattern with L21-Norm},
  author={Gu, Jingyu and Wei, Mengting and Guo, Yiyun and Wang, Haixian},
  journal={Neural Processing Letters},
  pages={1--20},
  year={2021},
  publisher={Springer}
}

@inproceedings{freer2019adaptive,
  title={Adaptive Riemannian BCI for enhanced motor imagery training protocols},
  author={Freer, Daniel and Deligianni, Fani and Yang, Guang-Zhong},
  booktitle={2019 IEEE 16th International Conference on Wearable and Implantable Body Sensor Networks (BSN)},
  pages={1--4},
  year={2019},
  organization={IEEE}
}

@inproceedings{mishra2018novel,
  title={A novel classification for EEG based four class motor imagery using kullback-leibler regularized Riemannian manifold},
  author={Mishra, Pradeep Kumar and Jagadish, B and Kiran, MPRS and Rajalakshmi, Pachamuthu and Reddy, D Santhosh},
  booktitle={2018 IEEE 20th International Conference on e-Health Networking, Applications and Services (Healthcom)},
  pages={1--5},
  year={2018},
  organization={IEEE}
}

@article{rezaei2023classification,
  title={Classification of Right/Left Hand Motor Imagery by Effective Connectivity Based on Transfer Entropy in Electroencephalogram Signal},
  author={Rezaei, Erfan and Shalbaf, Ahmad},
  journal={Basic and Clinical Neuroscience},
  volume={14},
  number={2},
  pages={213},
  year={2023},
  publisher={Iranian Neuroscience Society}
}

@article{al2020eeg,
  title={{EEG}-based semantic vigilance level classification using directed connectivity patterns and graph theory analysis},
  author={Al-Shargie, Fares Mohammed and Hassanin, Omnia and Tariq, Usman and Al-Nashash, Hasan},
  journal={IEEE Access},
  volume={8},
  pages={115941--115956},
  year={2020},
  publisher={IEEE}
}
@inproceedings{congedo2017closed,
  title={A closed-form unsupervised geometry-aware dimensionality reduction method in the Riemannian Manifold of {SPD} matrices},
  author={Congedo, Marco and Rodrigues, Pedro Luiz Coelho and Bouchard, Florent and Barachant, Alexandre and Jutten, Christian},
  booktitle={2017 39th Annual International Conference of the IEEE Engineering in Medicine and Biology Society (EMBC)},
  pages={3198--3201},
  year={2017},
  organization={IEEE}
}
@inproceedings{li2019motor,
  title={Motor Imagery Classification based on Local Isometric Embedding of Riemannian Manifold},
  author={Li, Shaofeng and Xie, Xiaofeng and Gu, Zhenghui and Yu, Zhu Liang and Li, Yuanqing},
  booktitle={2019 14th IEEE Conference on Industrial Electronics and Applications (ICIEA)},
  pages={2368--2372},
  year={2019},
  organization={IEEE}
}
@article{said2017riemannian,
  title={Riemannian Gaussian distributions on the space of symmetric positive definite matrices},
  author={Said, Salem and Bombrun, Lionel and Berthoumieu, Yannick and Manton, Jonathan H},
  journal={IEEE Transactions on Information Theory},
  volume={63},
  number={4},
  pages={2153--2170},
  year={2017},
  publisher={IEEE}
}
@inproceedings{deng2020local,
  title={Local Temporal Joint Recurrence Common Spatial Patterns for {MI}-based {BCI}},
  author={Deng, Yue and Li, Zhanli and Wang, Haixian and Lu, Xuesong and Fan, Hui},
  booktitle={2020 IEEE 4th Information Technology, Networking, Electronic and Automation Control Conference (ITNEC)},
  volume={1},
  pages={813--816},
  year={2020},
  organization={IEEE}
}
@article{park2017filter,
  title={Filter bank regularized common spatial pattern ensemble for small sample motor imagery classification},
  author={Park, Sang-Hoon and Lee, David and Lee, Sang-Goog},
  journal={IEEE Transactions on Neural Systems and Rehabilitation Engineering},
  volume={26},
  number={2},
  pages={498--505},
  year={2017},
  publisher={IEEE}
}
@inproceedings{shali2020impact,
  title={The impact of electrode reduction in the diagnosis of dyslexia},
  author={Shali, Roya Kheyrkhah and Setarehdan, S Kamaleddin},
  booktitle={2020 27th National and 5th International Iranian Conference on Biomedical Engineering (ICBME)},
  pages={118--125},
  year={2020},
  organization={IEEE}
}
@article{duclos2021differential,
  title={Differential classification of states of consciousness using envelope-and phase-based functional connectivity},
  author={Duclos, Catherine and Maschke, Charlotte and Mahdid, Yacine and Berkun, Kathleen and da Silva Castanheira, Jason and Tarnal, Vijay and Picton, Paul and Vanini, Giancarlo and Golmirzaie, Goodarz and Janke, Ellen and others},
  journal={NeuroImage},
  volume={237},
  pages={118171},
  year={2021},
  publisher={Elsevier}
}
@article{zhu2020eeg,
  title={{EEG}-based approach for recognizing human social emotion perception},
  author={Zhu, Li and Su, Chongwei and Zhang, Jianhai and Cui, Gaochao and Cichocki, Andrzej and Zhou, Changle and Li, Junhua},
  journal={Advanced Engineering Informatics},
  volume={46},
  pages={101191},
  year={2020},
  publisher={Elsevier}
}
@inproceedings{wang2014multiple,
  title={A multiple autocorrelation analysis method for motor imagery {EEG} feature extraction},
  author={Wang, Xiangzhou and Wang, An and Zheng, Shuhua and Lin, Yingzi and Yu, Mingxin},
  booktitle={The 26th Chinese Control and Decision Conference (2014 CCDC)},
  pages={3000--3004},
  year={2014},
  organization={IEEE}
}
@article{khosla2020comparative,
  title={A comparative analysis of signal processing and classification methods for different applications based on {EEG} signals},
  author={Khosla, Ashima and Khandnor, Padmavati and Chand, Trilok},
  journal={Biocybernetics and Biomedical Engineering},
  volume={40},
  number={2},
  pages={649--690},
  year={2020},
  publisher={Elsevier}
}
@article{benzy2020motor,
  title={Motor imagery hand movement direction decoding using brain computer interface to aid stroke recovery and rehabilitation},
  author={Benzy, VK and Vinod, AP and Subasree, R and Alladi, Suvarna and Raghavendra, K},
  journal={IEEE Transactions on Neural Systems and Rehabilitation Engineering},
  volume={28},
  number={12},
  pages={3051--3062},
  year={2020},
  publisher={IEEE}
}
@inproceedings{sun2020emotion,
  title={Emotion Classification Based on Brain Functional Connectivity Network},
  author={Sun, Xiaofang and Hu, Bin and Zheng, Xiangwei and Yin, Yongqiang and Ji, Cun},
  booktitle={2020 IEEE International Conference on Bioinformatics and Biomedicine (BIBM)},
  pages={2082--2089},
  year={2020},
  organization={IEEE}
}
@article{anupallavi2020novel,
  title={A novel approach based on {BSPCI} for quantifying functional connectivity pattern of the brain’s region for the classification of epileptic seizure},
  author={Anupallavi, S and MohanBabu, G},
  journal={Journal of Ambient Intelligence and Humanized Computing},
  pages={1--11},
  year={2020},
  publisher={Springer}
}
@article{wang2021personalized,
  title={A Personalized Feature Extraction and Classification Method for Motor Imagery Recognition},
  author={Wang, Jian-Guo and Shao, Hui-Min and Yao, Yuan and Liu, Jian-Long and Ma, Shi-Wei},
  journal={Mobile Networks and Applications},
  pages={1--13},
  year={2021},
  publisher={Springer}
}
@article{zhang2021subbands,
  title={Subbands and cumulative sum of subbands based nonlinear features enhance the performance of epileptic seizure detection},
  author={Zhang, Tao and Han, Zhiwu and Chen, Xiaojuan and Chen, Wanzhong},
  journal={Biomedical Signal Processing and Control},
  volume={69},
  pages={102827},
  year={2021},
  publisher={Elsevier}
}
@article{mohammadi2021cursor,
  title={Cursor movement detection in brain-computer-interface systems using the K-means clustering method and {LSVM}},
  author={Mohammadi, Leila and Einalou, Zahra and Hosseinzadeh, Hamidreza and Dadgostar, Mehrdad},
  journal={Journal of Big Data},
  volume={8},
  number={1},
  pages={1--15},
  year={2021},
  publisher={SpringerOpen}
}
@inproceedings{ali2018random,
  title={Random matrix-improved kernels for large dimensional spectral clustering},
  author={Ali, Hafiz Tiomoko and Kammoun, Abla and Couillet, Romain},
  booktitle={2018 IEEE Statistical Signal Processing Workshop ({SSP})},
  pages={453--457},
  year={2018},
  organization={IEEE}
}
@article{zhang2017improved,
  title={An improved self-training algorithm for classifying motor imagery electroencephalography in brain-computer interface},
  author={Zhang, Li and Chen, Yangwen and Tan, Xuemin and He, Chuanhong and Zhang, Leping},
  journal={Journal of Medical Imaging and Health Informatics},
  volume={7},
  number={2},
  pages={330--337},
  year={2017},
  publisher={American Scientific Publishers}
}
@article{subasi2021eeg,
  title={{EEG}-based emotion recognition using tunable {Q} wavelet transform and rotation forest ensemble classifier},
  author={Subasi, Abdulhamit and Tuncer, Turker and Dogan, Sengul and Tanko, Dahiru and Sakoglu, Unal},
  journal={Biomedical Signal Processing and Control},
  volume={68},
  pages={102648},
  year={2021},
  publisher={Elsevier}
}
@article{yu2020local,
  title={Local temporal common spatial patterns modulated with phase locking value},
  author={Yu, Zhenhua and Ma, Tian and Fang, Na and Wang, Haixian and Li, Zhanli and Fan, Hui},
  journal={Biomedical Signal Processing and Control},
  volume={59},
  pages={101882},
  year={2020},
  publisher={Elsevier}
}
@book{bishop2006pattern,
  title={Pattern recognition and machine learning},
  author={Bishop, Christopher M},
  year={2006},
  publisher={springer}
}
@book{wackernagel2013multivariate,
  title={Multivariate geostatistics: an introduction with applications},
  author={Wackernagel, Hans},
  year={2013},
  publisher={Springer Science \& Business Media}
}
@article{volosyak2020towards,
  title={Towards solving of the illiteracy phenomenon for vep-based brain-computer interfaces},
  author={Volosyak, Ivan and Rezeika, Aya and Benda, Mihaly and Gembler, Felix and Stawicki, Piotr},
  journal={Biomedical Physics \& Engineering Express},
  volume={6},
  number={3},
  pages={035034},
  year={2020},
  publisher={IOP Publishing}
}


@article{chen2021mu,
  title={Mu oscillations and motor imagery performance: A reflection of intra-individual success, not inter-individual ability},
  author={Chen, Yvonne Y and Lambert, Kathryn JM and Madan, Christopher R and Singhal, Anthony},
  journal={Human Movement Science},
  volume={78},
  pages={102819},
  year={2021},
  publisher={Elsevier}
}

@article{eichert2021morphological,
  title={Morphological and functional variability in central and subcentral motor cortex of the human brain},
  author={Eichert, Nicole and Watkins, Kate E and Mars, Rogier B and Petrides, Michael},
  journal={Brain Structure and Function},
  volume={226},
  number={1},
  pages={263--279},
  year={2021},
  publisher={Springer}
}

@article{han2023cepstral,
  title={Cepstral Analysis Based Artifact Detection, Recognition and Removal for Prefrontal EEG},
  author={Han, Siqi and Zhang, Chao and Lei, Jiaxin and Han, Qingquan and Du, Yuhui and Wang, Anhe and Bai, Shuo and Zhang, Milin},
  journal={IEEE Transactions on Circuits and Systems II: Express Briefs},
  year={2023},
  publisher={IEEE}
}

@article{phunruangsakao2023effects,
  title={Effects of visual-electrotactile stimulation feedback on brain functional connectivity during motor imagery practice},
  author={Phunruangsakao, Chatrin and Achanccaray, David and Bhattacharyya, Saugat and Izumi, Shin-Ichi and Hayashibe, Mitsuhiro},
  journal={Scientific Reports},
  volume={13},
  number={1},
  pages={17752},
  year={2023},
  publisher={Nature Publishing Group UK London}
}

@article{hobson2017interpretation,
  title={The interpretation of mu suppression as an index of mirror neuron activity: past, present and future},
  author={Hobson, Hannah M and Bishop, Dorothy VM},
  journal={Royal Society Open Science},
  volume={4},
  number={3},
  pages={160662},
  year={2017},
  publisher={The Royal Society Publishing}
}

@article{llanos2013mu,
  title={Mu-rhythm changes during the planning of motor and motor imagery actions},
  author={Llanos, Catalina and Rodriguez, Manuel and Rodriguez-Sabate, Clara and Morales, Ingrid and Sabate, Magdalena},
  journal={Neuropsychologia},
  volume={51},
  number={6},
  pages={1019--1026},
  year={2013},
  publisher={Elsevier}
}

@article{naidu2020cam,
  title={IS-CAM: Integrated Score-CAM for axiomatic-based explanations},
  author={Naidu, Rakshit and Ghosh, Ankita and Maurya, Yash and Kundu, Soumya Snigdha and others},
  journal={arXiv preprint arXiv:2010.03023},
  year={2020}
}

@article{ledoit2004well,
  title={A well-conditioned estimator for large-dimensional covariance matrices},
  author={Ledoit, Olivier and Wolf, Michael},
  journal={Journal of multivariate analysis},
  volume={88},
  number={2},
  pages={365--411},
  year={2004},
  publisher={Elsevier}
}

@article{hassija2023interpreting,
  title={Interpreting black-box models: a review on explainable artificial intelligence},
  author={Hassija, Vikas and Chamola, Vinay and Mahapatra, Atmesh and Singal, Abhinandan and Goel, Divyansh and Huang, Kaizhu and Scardapane, Simone and Spinelli, Indro and Mahmud, Mufti and Hussain, Amir},
  journal={Cognitive Computation},
  pages={1--30},
  year={2023},
  publisher={Springer}
}

@article{brunner2008bci,
  title={BCI Competition 2008--Graz data set A},
  author={Brunner, Clemens and Leeb, Robert and M{\"u}ller-Putz, Gernot and Schl{\"o}gl, Alois and Pfurtscheller, Gert},
  journal={Institute for Knowledge Discovery (Laboratory of Brain-Computer Interfaces), Graz University of Technology},
  volume={16},
  pages={1--6},
  year={2008}
}

@article{li2019channel,
  title={A channel-projection mixed-scale convolutional neural network for motor imagery {EEG} decoding},
  author={Li, Yang and Zhang, Xian-Rui and Zhang, Bin and Lei, Meng-Ying and Cui, Wei-Gang and Guo, Yu-Zhu},
  journal={IEEE Transactions on Neural Systems and Rehabilitation Engineering},
  volume={27},
  number={6},
  pages={1170--1180},
  year={2019},
  publisher={IEEE}
}
@article{musallam2021electroencephalography,
  title={Electroencephalography-based motor imagery classification using temporal convolutional network fusion},
  author={Musallam, Yazeed K and AlFassam, Nasser I and Muhammad, Ghulam and Amin, Syed Umar and Alsulaiman, Mansour and Abdul, Wadood and Altaheri, Hamdi and Bencherif, Mohamed A and Algabri, Mohammed},
  journal={Biomedical Signal Processing and Control},
  volume={69},
  pages={102826},
  year={2021},
  publisher={Elsevier}
}
@article{de2019data,
  title={A data-driven measure of effective connectivity based on Renyi's $\alpha$-entropy},
  author={De La Pava Panche, I and Alvarez-Meza, Andres and Orozco-Gutierrez, A},
  journal={Frontiers in neuroscience},
  volume={13},
  pages={1277},
  year={2019},
  publisher={Frontiers}
}
@article{kumar2019brain,
	title={Brain wave classification using long short-term memory network based {OPTICAL} predictor},
	author={Kumar, S and Sharma, A and Tsunoda, T},
	journal={Scientific reports},
	volume={9},
	number={1},
	pages={1--13},
	year={2019},
	publisher={Nature Publishing Group}
}


@article{tabar2016novel,
  title={A novel deep learning approach for classification of EEG motor imagery signals},
  author={Tabar, Yousef Rezaei and Halici, Ugur},
  journal={Journal of neural engineering},
  volume={14},
  number={1},
  pages={016003},
  year={2016},
  publisher={IOP Publishing}
}


@article{hassanpour2019novel,
  title={A novel end-to-end deep learning scheme for classifying multi-class motor imagery electroencephalography signals},
  author={Hassanpour, Ahmad and Moradikia, Majid and Adeli, Hojjat and Khayami, Seyed Raouf and Shamsinejadbabaki, Pirooz},
  journal={Expert Systems},
  volume={36},
  number={6},
  pages={e12494},
  year={2019},
  publisher={Wiley Online Library}
}


@article{zhang2021survey,
  title={A survey on deep learning-based non-invasive brain signals: recent advances and new frontiers},
  author={Zhang, Xiang and Yao, Lina and Wang, Xianzhi and Monaghan, Jessica and Mcalpine, David and Zhang, Yu},
  journal={Journal of neural engineering},
  volume={18},
  number={3},
  pages={031002},
  year={2021},
  publisher={IOP Publishing}
}

@article{dai2019eeg,
  title={EEG classification of motor imagery using a novel deep learning framework},
  author={Dai, Mengxi and Zheng, Dezhi and Na, Rui and Wang, Shuai and Zhang, Shuailei},
  journal={Sensors},
  volume={19},
  number={3},
  pages={551},
  year={2019},
  publisher={MDPI}
}

@article{tang2023graph,
  title={Graph-based Information Separator and Area Convolutional Network for EEG-based Intention Decoding},
  author={Tang, Xianlun and Wang, Shifei and Deng, Xin and Liu, Ke and Tian, Yin and Wang, Huiming and Gao, Xinbo},
  journal={IEEE Transactions on Cognitive and Developmental Systems},
  year={2023},
  publisher={IEEE}
}

@article{zhang2021adaptive,
  title={Adaptive transfer learning for EEG motor imagery classification with deep convolutional neural network},
  author={Zhang, Kaishuo and Robinson, Neethu and Lee, Seong-Whan and Guan, Cuntai},
  journal={Neural Networks},
  volume={136},
  pages={1--10},
  year={2021},
  publisher={Elsevier}
}

@article{luo2018exploring,
  title={Exploring spatial-frequency-sequential relationships for motor imagery classification with recurrent neural network},
  author={Luo, Tian-jian and Zhou, Chang-le and Chao, Fei},
  journal={BMC bioinformatics},
  volume={19},
  number={1},
  pages={1--18},
  year={2018},
  publisher={BioMed Central}
}

@article{giraldo2014measures,
  title={Measures of entropy from data using infinitely divisible kernels},
  author={Giraldo, Luis Gonzalo Sanchez and Rao, Murali and Principe, Jose C},
  journal={IEEE Transactions on Information Theory},
  volume={61},
  number={1},
  pages={535--548},
  year={2014},
  publisher={IEEE}
}

@book{principe2010information,
  title={Information theoretic learning: Renyi's entropy and kernel perspectives},
  author={Principe, Jose C},
  year={2010},
  publisher={Springer Science \& Business Media}
}

@inproceedings{renyi1961measures,
  title={On measures of entropy and information},
  author={R{\'e}nyi, Alfr{\'e}d},
  booktitle={Proceedings of the Fourth Berkeley Symposium on Mathematical Statistics and Probability, Volume 1: Contributions to the Theory of Statistics},
  volume={4},
  pages={547--562},
  year={1961},
  organization={University of California Press}
}

@article{li2020fast,
  title={Fast estimation of information theoretic learning descriptors using explicit inner product spaces},
  author={Li, Kan and Principe, Jose C},
  journal={arXiv preprint arXiv:2001.00265},
  year={2020}
}

@article{Zhang2018,
 title={Temporally constrained sparse group spatial patterns for motor imagery {BCI}},
 author={Zhang, Y and Nam, C and Zhou, G and Jin, J and Wang, X and Cichocki, A},
 journal={IEEE transactions on cybernetics},
 volume={49},
 number={9},
 pages={3322--3332},
 year={2018},
 publisher={IEEE}
}

@inproceedings{borra2019eeg,
  title={EEG motor execution decoding via interpretable sinc-convolutional neural networks},
  author={Borra, Davide and Fantozzi, Silvia and Magosso, Elisa},
  booktitle={Mediterranean Conference on Medical and Biological Engineering and Computing},
  pages={1113--1122},
  year={2019},
  organization={Springer}
}

@article{cho2017eeg,
	title={{EEG} datasets for motor imagery brain--computer interface},
	author={Cho, H and Ahn, M and Ahn, S and Kwon, M and Jun, S},
	journal={GigaScience},
	volume={6},
	number={7},
	pages={gix034},
	year={2017},
	publisher={Oxford University Press}
}
@article{rodrigue2019,
  title={Space-time recurrences for functional connectivity evaluation and feature extraction in motor imagery brain-computer interfaces},
  author={Rodrigues, P and Stefano, C and Attux, R and Castellano, G and Soriano, D},
  journal={Medical \& biological engineering \& computing},
  volume={57},
  number={8},
  pages={1709--1725},
  year={2019},
  publisher={Springer}
}
@article{gu2020eeg,
  title={{EEG}-based classification of lower limb motor imagery with brain network analysis},
  author={Gu, Lingyun and Yu, Zhenhua and Ma, Tian and Wang, Haixian and Li, Zhanli and Fan, Hui},
  journal={Neuroscience},
  volume={436},
  pages={93--109},
  year={2020},
  publisher={Elsevier}
}
@article{battaglia2020functional,
  title={Functional connectivity and neuronal dynamics: insights from computational methods},
  author={Battaglia, Demian and Brovelli, Andrea},
  journal={The Cognitive Neurosciences},
  year={2020}
}
@article{rubinov2010complex,
  title={Complex network measures of brain connectivity: uses and interpretations},
  author={Rubinov, Mikail and Sporns, Olaf},
  journal={Neuroimage},
  volume={52},
  number={3},
  pages={1059--1069},
  year={2010},
  publisher={Elsevier}
}
@article{souto2020effect,
  title={Effect of motor imagery combined with physical practice on upper limb rehabilitation in children with hemiplegic cerebral palsy},
  author={Souto, Deisiane Oliveira and Cruz, Thalita Karla Flores and Coutinho, K{\^e}nia and Julio-Costa, Annelise and Fontes, Patr{\'\i}cia Lemos Buenos and Haase, Vitor Geraldi},
  journal={NeuroRehabilitation},
  volume={46},
  number={1},
  pages={53--63},
  year={2020},
  publisher={IOS Press}
}
@article{herranz2020effectiveness,
  title={Effectiveness of motor imagery and action observation on functional variables: An umbrella and mapping review with meta-meta-analysis},
  author={Herranz-G{\'o}mez, Aida and Gaudiosi, Cristian and Angulo-D{\'\i}az-Parre{\~n}o, Santiago and Suso-Mart{\'\i}, Luis and La Touche, Roy and Cuenca-Mart{\'\i}nez, Ferran},
  journal={Neuroscience \& Biobehavioral Reviews},
  year={2020},
  publisher={Elsevier}
}
@article{rathee2017single,
  title={Single-trial effective brain connectivity patterns enhance discriminability of mental imagery tasks},
  author={Rathee, Dheeraj and Cecotti, Hubert and Prasad, Girijesh},
  journal={Journal of neural engineering},
  volume={14},
  number={5},
  pages={056005},
  year={2017},
  publisher={IOP Publishing}
}
@article{duan2021modularizing,
  title={Modularizing deep learning via pairwise learning with kernels},
  author={Duan, Shiyu and Yu, Shujian and Pr{\'\i}ncipe, Jos{\'e} C},
  journal={IEEE Transactions on Neural Networks and Learning Systems},
  year={2021},
  publisher={IEEE}
}
@article{kulkarni2019deep,
  title={A deep learning approach for real-time detection of sleep spindles},
  author={Kulkarni, Prathamesh M and Xiao, Zhengdong and Robinson, Eric J and Jami, Apoorva Sagarwal and Zhang, Jianping and Zhou, Haocheng and Henin, Simon E and Liu, Anli A and Osorio, Ricardo S and Wang, Jing and others},
  journal={Journal of neural engineering},
  volume={16},
  number={3},
  pages={036004},
  year={2019},
  publisher={IOP Publishing}
}
@article{hosseini2020tried,
  title={I tried a bunch of things: The dangers of unexpected overfitting in classification of brain data},
  author={Hosseini, Mahan and Powell, Michael and Collins, John and Callahan-Flintoft, Chloe and Jones, William and Bowman, Howard and Wyble, Brad},
  journal={Neuroscience \& Biobehavioral Reviews},
  year={2020},
  publisher={Elsevier}
}
@article{he2019electrophysiological,
  title={Electrophysiological brain connectivity: theory and implementation},
  author={He, Bin and Astolfi, Laura and Vald{\'e}s-Sosa, Pedro Antonio and Marinazzo, Daniele and Palva, Satu O and B{\'e}nar, Christian-George and Michel, Christoph M and Koenig, Thomas},
  journal={IEEE Transactions on Biomedical Engineering},
  volume={66},
  number={7},
  pages={2115--2137},
  year={2019},
  publisher={IEEE}
}
@article{gaxiola2017using,
  title={Using the partial directed coherence to assess functional connectivity in electroencephalography data for brain--computer interfaces},
  author={Gaxiola-Tirado, Jorge Antonio and Salazar-Varas, Rocio and Guti{\'e}rrez, David},
  journal={IEEE Transactions on Cognitive and Developmental Systems},
  volume={10},
  number={3},
  pages={776--783},
  year={2017},
  publisher={IEEE}
}
@article{daly2012brain,
  title={Brain computer interface control via functional connectivity dynamics},
  author={Daly, Ian and Nasuto, Slawomir J and Warwick, Kevin},
  journal={Pattern recognition},
  volume={45},
  number={6},
  pages={2123--2136},
  year={2012},
  publisher={Elsevier}
}
@article{tibshirani1996regression,
  title={Regression shrinkage and selection via the lasso},
  author={Tibshirani, Robert},
  journal={Journal of the Royal Statistical Society: Series B (Methodological)},
  volume={58},
  number={1},
  pages={267--288},
  year={1996},
  publisher={Wiley Online Library}
}
@article{duan2014voting,
  title={A voting optimized strategy based on {ELM} for improving classification of motor imagery {BCI} data},
  author={Duan, Lijuan and Zhong, Hongyan and Miao, Jun and Yang, Zhen and Ma, Wei and Zhang, Xuan},
  journal={Cognitive Computation},
  volume={6},
  number={3},
  pages={477--483},
  year={2014},
  publisher={Springer}
}
@article{li2016applying,
  title={Applying a locally linear embedding algorithm for feature extraction and visualization of {MI}-{EEG}},
  author={Li, Mingai and Luo, Xinyong and Yang, Jinfu and Sun, Yanjun},
  journal={Journal of Sensors},
  volume={2016},
  year={2016},
  publisher={Hindawi}
}
@article{van2009dimensionality,
  title={Dimensionality reduction: a comparative},
  author={Van Der Maaten, Laurens and Postma, Eric and Van den Herik, Jaap},
  journal={J Mach Learn Res},
  volume={10},
  number={66-71},
  pages={13},
  year={2009}
}
@article{singh2021comprehensive,
  title={A Comprehensive Review on Critical Issues and Possible Solutions of Motor Imagery Based Electroencephalography Brain-Computer Interface},
  author={Singh, Amardeep and Hussain, Ali Abdul and Lal, Sunil and Guesgen, Hans W},
  journal={Sensors},
  volume={21},
  number={6},
  pages={2173},
  year={2021},
  publisher={Multidisciplinary Digital Publishing Institute}
}
@article{liu2016overfitting,
  title={Overfitting in linear feature extraction for classification of high-dimensional image data},
  author={Liu, Raymond and Gillies, Duncan F},
  journal={Pattern Recognition},
  volume={53},
  pages={73--86},
  year={2016},
  publisher={Elsevier}
}
@article{chamola2020brain,
  title={Brain-Computer Interface-Based Humanoid Control: A Review},
  author={Chamola, Vinay and Vineet, Ankur and Nayyar, Anand and Hossain, Eklas},
  journal={Sensors},
  volume={20},
  number={13},
  pages={3620},
  year={2020},
  publisher={Multidisciplinary Digital Publishing Institute}
}
@article{kwon2021visual,
  title={Visual Motion Imagery Classification with Deep Neural Network based on Functional Connectivity},
  author={Kwon, Byoung-Hee and Jeong, Ji-Hoon and Lee, Seong-Whan},
  journal={arXiv preprint arXiv:2103.02851},
  year={2021}
}
@article{zhao2021neuromodulatory,
  title={Neuromodulatory Effect of Sensorimotor Network Functional Connectivity of Temporal Three-Needle Therapy for Ischemic Stroke Patients with Motor Dysfunction: Study Protocol for a Randomized, Patient-Assessor Blind, Controlled, Neuroimaging Trial},
  author={Zhao, Ning and Zhang, Hong and Liu, Tongyan and Liu, Jiao and Xiang, Yun and Shu, Guojian and Li, Chunzhen and Xie, Jingwen and Chen, Lidian},
  journal={Evidence-Based Complementary and Alternative Medicine},
  volume={2021},
  year={2021},
  publisher={Hindawi}
}
@article{khan2021effective,
  title={Effective Connectivity in Default Mode Network for Alcoholism Diagnosis},
  author={Khan, Danish M and Yahya, Norashikin and Kamel, Nidal and Faye, Ibrahima},
  journal={IEEE Transactions on Neural Systems and Rehabilitation Engineering},
  volume={29},
  pages={796--808},
  year={2021},
  publisher={IEEE}
}
@article{yeh2021mapping,
  title={Mapping structural connectivity using diffusion {MRI}: Challenges and opportunities},
  author={Yeh, Chun-Hung and Jones, Derek K and Liang, Xiaoyun and Descoteaux, Maxime and Connelly, Alan},
  journal={Journal of Magnetic Resonance Imaging},
  volume={53},
  number={6},
  pages={1666--1682},
  year={2021},
  publisher={Wiley Online Library}
}
@article{betzel2019community,
  title={The community structure of functional brain networks exhibits scale-specific patterns of inter-and intra-subject variability},
  author={Betzel, Richard F and Bertolero, Maxwell A and Gordon, Evan M and Gratton, Caterina and Dosenbach, Nico UF and Bassett, Danielle S},
  journal={Neuroimage},
  volume={202},
  pages={115990},
  year={2019},
  publisher={Elsevier}
}
@article{friston2011functional,
  title={Functional and effective connectivity: a review},
  author={Friston, Karl J},
  journal={Brain connectivity},
  volume={1},
  number={1},
  pages={13--36},
  year={2011},
  publisher={Mary Ann Liebert, Inc. 140 Huguenot Street, 3rd Floor New Rochelle, NY 10801 USA}
}
@article{simon2013sparse,
  title={A sparse-group lasso},
  author={Simon, Noah and Friedman, Jerome and Hastie, Trevor and Tibshirani, Robert},
  journal={Journal of computational and graphical statistics},
  volume={22},
  number={2},
  pages={231--245},
  year={2013},
  publisher={Taylor \& Francis Group}
}
@article{yeh2012novel,
  title={A novel multiple kernel learning framework for heterogeneous feature fusion and variable selection},
  author={Yeh, Yi-Ren and Lin, Ting-Chu and Chung, Yung-Yu and Wang, Yu-Chiang Frank},
  journal={IEEE Transactions on multimedia},
  volume={14},
  number={3},
  pages={563--574},
  year={2012},
  publisher={Ieee}
}
@article{roweis1999unifying,
  title={A unifying review of linear Gaussian models},
  author={Roweis, Sam and Ghahramani, Zoubin},
  journal={Neural computation},
  volume={11},
  number={2},
  pages={305--345},
  year={1999},
  publisher={MIT Press}
}
@article{smola2000sparse,
  title={Sparse greedy matrix approximation for machine learning},
  author={Smola, Alex J and Sch{\"o}lkopf, Bernhard},
  year={2000},
  publisher={Citeseer}
}
@article{fine2001efficient,
  title={Efficient {SVM} training using low-rank kernel representations},
  author={Fine, Shai and Scheinberg, Katya},
  journal={Journal of Machine Learning Research},
  volume={2},
  number={Dec},
  pages={243--264},
  year={2001}
}
@inproceedings{williams2001using,
  title={Using the Nystr{\"o}m method to speed up kernel machines},
  author={Williams, Christopher and Seeger, Matthias},
  booktitle={Proceedings of the 14th annual conference on neural information processing systems},
  number={CONF},
  pages={682--688},
  year={2001}
}
@inproceedings{verleysen2005curse,
  title={The curse of dimensionality in data mining and time series prediction},
  author={Verleysen, Michel and Fran{\c{c}}ois, Damien},
  booktitle={International work-conference on artificial neural networks},
  pages={758--770},
  year={2005},
  organization={Springer}
}
@inproceedings{golugula2011evaluating,
  title={Evaluating feature selection strategies for high dimensional, small sample size datasets},
  author={Golugula, Abhishek and Lee, George and Madabhushi, Anant},
  booktitle={2011 Annual International conference of the IEEE engineering in medicine and biology society},
  pages={949--952},
  year={2011},
  organization={IEEE}
}
@article{baniqued2021brain,
  title={Brain--computer interface robotics for hand rehabilitation after stroke: a systematic review},
  author={Baniqued, Paul Dominick E and Stanyer, Emily C and Awais, Muhammad and Alazmani, Ali and Jackson, Andrew E and Mon-Williams, Mark A and Mushtaq, Faisal and Holt, Raymond J},
  journal={Journal of NeuroEngineering and Rehabilitation},
  volume={18},
  number={1},
  pages={1--25},
  year={2021},
  publisher={BioMed Central}
}
@article{jain1997feature,
  title={Feature selection: Evaluation, application, and small sample performance},
  author={Jain, Anil and Zongker, Douglas},
  journal={IEEE transactions on pattern analysis and machine intelligence},
  volume={19},
  number={2},
  pages={153--158},
  year={1997},
  publisher={IEEE}
}
@article{stephan2009functional,
  title={Functional connectivity},
  author={Stephan, KE and Friston, KJ and Squire, LR},
  year={2009},
  publisher={Elsevier}
}
@article{varsehi2021eeg,
  title={An {EEG} channel selection method for motor imagery based brain--computer interface and neurofeedback using Granger causality},
  author={Varsehi, Hesam and Firoozabadi, S Mohammad P},
  journal={Neural Networks},
  volume={133},
  pages={193--206},
  year={2021},
  publisher={Elsevier}
}
@article{varoquaux2018cross,
  title={Cross-validation failure: small sample sizes lead to large error bars},
  author={Varoquaux, Ga{\"e}l},
  journal={Neuroimage},
  volume={180},
  pages={68--77},
  year={2018},
  publisher={Elsevier}
}
@article{braga2004cross,
  title={Is cross-validation valid for small-sample microarray classification?},
  author={Braga-Neto, Ulisses M and Dougherty, Edward R},
  journal={Bioinformatics},
  volume={20},
  number={3},
  pages={374--380},
  year={2004},
  publisher={Oxford University Press}
}
@article{pandey2021brain2depth,
  title={{BRAIN2DEPTH}: Lightweight {CNN} Model for Classification of Cognitive States from {EEG} Recordings},
  author={Pandey, Pankaj and Miyapuram, Krishna Prasad},
  journal={arXiv preprint arXiv:2106.06688},
  year={2021}
}
@article{chen2020novel,
  title={A novel transfer support matrix machine for motor imagery-based brain computer interface},
  author={Chen, Yan and Hang, Wenlong and Liang, Shuang and Liu, Xuejun and Li, Guanglin and Wang, Qiong and Qin, Jing and Choi, Kup-Sze},
  journal={Frontiers in Neuroscience},
  volume={14},
  year={2020},
  publisher={Frontiers Media SA}
}
@inproceedings{zhao2020hierarchical,
  title={A hierarchical stacking extreme learning machine for multi-classification},
  author={Zhao, Zhibiao and Zhao, Pengcheng and Zhou, Qi},
  booktitle={2020 Chinese Automation Congress (CAC)},
  pages={4176--4181},
  year={2020},
  organization={IEEE}
}
@article{zhao2019imaging,
  title={Imaging of nonlinear and dynamic functional brain connectivity based on {EEG} recordings with the application on the diagnosis of Alzheimer’s disease},
  author={Zhao, Yifan and Zhao, Yitian and Durongbhan, Pholpat and Chen, Liangyu and Liu, Jiang and Billings, SA and Zis, Panagiotis and Unwin, Zoe C and De Marco, Matteo and Venneri, Annalena and others},
  journal={IEEE transactions on medical imaging},
  volume={39},
  number={5},
  pages={1571--1581},
  year={2019},
  publisher={IEEE}
}
@inproceedings{haddad2019early,
  title={Early decoding of tongue-hand movement from {EEG} recordings using dynamic functional connectivity graphs},
  author={Haddad, Ali and Shamsi, Foroogh and Ghovanloo, Maysam and Najafizadeh, Laleh},
  booktitle={2019 9th International IEEE/EMBS Conference on Neural Engineering (NER)},
  pages={373--376},
  year={2019},
  organization={IEEE}
}
@inproceedings{chen2019convolutional,
  title={Convolutional Neural Network with an Element-wise Filter to Classify Dynamic Functional Connectivity},
  author={Chen, Zhihui and Ji, Junzhong and Liang, Yin},
  booktitle={2019 IEEE International Conference on Bioinformatics and Biomedicine (BIBM)},
  pages={643--646},
  year={2019},
  organization={IEEE}
}
@inproceedings{shamsi2020recognizing,
  title={Recognizing Pain in Motor Imagery {EEG} Recordings Using Dynamic Functional Connectivity Graphs},
  author={Shamsi, Foroogh and Haddad, Ali and others},
  booktitle={2020 42nd Annual International Conference of the IEEE Engineering in Medicine \& Biology Society (EMBC)},
  pages={2869--2872},
  year={2020},
  organization={IEEE}
}
@article{jiang2021synchroextracting,
  title={Synchroextracting chirplet transform-based epileptic seizures detection using {EEG}},
  author={Jiang, Yun and Chen, Wanzhong and Li, Mingyang and Zhang, Tao and You, Yang},
  journal={Biomedical Signal Processing and Control},
  volume={68},
  pages={102699},
  year={2021},
  publisher={Elsevier}
}
@article{tortora2020deep,
  title={Deep learning-based {BCI} for gait decoding from {EEG} with {LSTM} recurrent neural network},
  author={Tortora, Stefano and Ghidoni, Stefano and Chisari, Carmelo and Micera, Silvestro and Artoni, Fiorenzo},
  journal={{Journal of Neural Engineering}},
  volume={17},
  number={4},
  pages={046011},
  year={2020},
  publisher={IOP Publishing}
}
@inproceedings{dai2020effect,
 title={Effect of Spatial Filtering and Channel Selection on Motor Imagery {BCI}},
 author={Dai, H and Su, S and Zhang, Y and Jian, W},
 booktitle={Proceedings of the 2020 Conference on Artificial Intelligence and Healthcare},
 pages={270--274},
 year={2020}
}
@article{borra2020interpretable,
 title={Interpretable and lightweight convolutional neural network for {EEG} decoding: application to movement execution and imagination},
 author={Borra, D and Fantozzi, S and Magosso, E},
 journal={Neural Networks},
 volume={129},
 pages={55--74},
 year={2020},
 publisher={Elsevier}
}
@article{ozdenizci2019adversarial,
  title={Adversarial deep learning in {EEG} biometrics},
  author={{\"O}zdenizci, Ozan and Wang, Ye and Koike-Akino, Toshiaki and Erdo{\u{g}}mu{\c{s}}, Deniz},
  journal={IEEE signal processing letters},
  volume={26},
  number={5},
  pages={710--714},
  year={2019},
  publisher={IEEE}
}
@article{khan2020review,
  title={Review on motor imagery based {BCI} systems for upper limb post-stroke neurorehabilitation: From designing to application},
  author={Khan, Muhammad Ahmed and Das, Rig and Iversen, Helle K and Puthusserypady, Sadasivan},
  journal={Computers in Biology and Medicine},
  pages={103843},
  year={2020},
  publisher={Elsevier}
}
@article{amir2020classification,
  title={Classification of emotions induced by horror and relaxing movies using single-channel {EEG} recordings},
  author={Amir, Jalilifard and Amir, Rastegarnia and Ednaldo Birgante, Pizzolato and Md Kafiul, Islam},
  year={2020},
  publisher={Institute of Advanced Engineering and Science (IAES)}
}
@article{li2020epileptic,
  title={Epileptic seizure detection in {EEG} signals using a unified temporal-spectral squeeze-and-excitation network},
  author={Li, Yang and Liu, Yu and Cui, Wei-Gang and Guo, Yu-Zhu and Huang, Hui and Hu, Zhong-Yi},
  journal={IEEE Transactions on Neural Systems and Rehabilitation Engineering},
  volume={28},
  number={4},
  pages={782--794},
  year={2020},
  publisher={IEEE}
}
@article{raeisi2020phase,
  title={Phase-synchrony evaluation of {EEG} signals for Multiple Sclerosis diagnosis based on bivariate empirical mode decomposition during a visual task},
  author={Raeisi, Khadijeh and Mohebbi, Maryam and Khazaei, Mohammad and Seraji, Masoud and Yoonessi, Ali},
  journal={Computers in biology and medicine},
  volume={117},
  pages={103596},
  year={2020},
  publisher={Elsevier}
}
@article{wu2020detecting,
  title={Detecting epileptic seizures in {EEG} signals with complementary ensemble empirical mode decomposition and extreme gradient boosting},
  author={Wu, Jiang and Zhou, Tengfei and Li, Taiyong},
  journal={Entropy},
  volume={22},
  number={2},
  pages={140},
  year={2020},
  publisher={Multidisciplinary Digital Publishing Institute}
}
@article{ahani2014quantitative,
  title={Quantitative change of {EEG} and respiration signals during mindfulness meditation},
  author={Ahani, Asieh and Wahbeh, Helane and Nezamfar, Hooman and Miller, Meghan and Erdogmus, Deniz and Oken, Barry},
  journal={Journal of neuroengineering and rehabilitation},
  volume={11},
  number={1},
  pages={1--11},
  year={2014},
  publisher={BioMed Central}
}
@article{zhang2018review,
  title={A review of {EEG}-based brain-computer interface systems design},
  author={Zhang, Wenchang and Tan, Chuanqi and Sun, Fuchun and Wu, Hang and Zhang, Bo},
  journal={Brain Science Advances},
  volume={4},
  number={2},
  pages={156--167},
  year={2018},
  publisher={SAGE Publications Sage UK: London, England}
}
@article{sturm2016interpretable,
  title={Interpretable deep neural networks for single-trial {EEG} classification},
  author={Sturm, Irene and Lapuschkin, Sebastian and Samek, Wojciech and M{\"u}ller, Klaus-Robert},
  journal={Journal of neuroscience methods},
  volume={274},
  pages={141--145},
  year={2016},
  publisher={Elsevier}
}
@article{millan2003asynchronous,
  title={Asynchronous {BCI} and local neural classifiers: an overview of the adaptive brain interface project},
  author={Millan, Jdel R and Mouri{\~n}o, Josep},
  journal={IEEE transactions on neural systems and rehabilitation engineering},
  volume={11},
  number={2},
  pages={159--161},
  year={2003},
  publisher={IEEE}
}
@article{hosseini2020review,
  title={A Review on Machine Learning for {EEG} Signal Processing in Bioengineering},
  author={Hosseini, Mohammad-Parsa and Hosseini, Amin and Ahi, Kiarash},
  journal={IEEE reviews in biomedical engineering},
  year={2020},
  publisher={IEEE}
}
@article{rasheed2021use,
  title={Use of artificial intelligence on Electroencephalogram ({EEG}) waveforms to predict failure in early school grades in children from a rural cohort in Pakistan},
  author={Rasheed, Muneera A and Chand, Prem and Ahmed, Saad and Sharif, Hamza and Hoodbhoy, Zahra and Siddiqui, Ayat and Hasan, Babar S},
  journal={Plos one},
  volume={16},
  number={2},
  pages={e0246236},
  year={2021},
  publisher={Public Library of Science San Francisco, CA USA}
}
@article{aldayel2020deep,
  title={Deep learning for {EEG}-based preference classification in neuromarketing},
  author={Aldayel, Mashael and Ykhlef, Mourad and Al-Nafjan, Abeer},
  journal={Applied Sciences},
  volume={10},
  number={4},
  pages={1525},
  year={2020},
  publisher={Multidisciplinary Digital Publishing Institute}
}
@article{hsu2020neuromarketing,
  title={Neuromarketing, subliminal advertising, and hotel selection: An {EEG} study},
  author={Hsu, Liwei and Chen, Yen-Jung},
  journal={Australasian Marketing Journal (AMJ)},
  volume={28},
  number={4},
  pages={200--208},
  year={2020},
  publisher={Elsevier}
}
@article{lakshmi2014survey,
  title={Survey on {EEG} signal processing methods},
  author={Lakshmi, M Rajya and Prasad, TV and Prakash, Dr V Chandra},
  journal={International Journal of Advanced Research in Computer Science and Software Engineering},
  volume={4},
  number={1},
  year={2014}
}
@inproceedings{velasquez2013motor,
  title={Motor imagery classification for {BCI} using common spatial patterns and feature relevance analysis},
  author={Vel{\'a}squez-Mart{\'\i}nez, Luisa F and {\'A}lvarez-Meza, Andr{\'e}s Marino and Castellanos-Dom{\'\i}nguez, C{\'e}sar Germ{\'a}n},
  booktitle={International Work-Conference on the Interplay Between Natural and Artificial Computation},
  pages={365--374},
  year={2013},
  organization={Springer}
}
@article{ahirwal2014adaptive,
  title={Adaptive filtering of {EEG}/{ERP} through bounded range artificial bee colony ({BR-ABC}) algorithm},
  author={Ahirwal, Mitul Kumar and Kumar, Anil and Singh, Girish Kumar},
  journal={Digital Signal Processing},
  volume={25},
  pages={164--172},
  year={2014},
  publisher={Elsevier}
}
@inproceedings{hurtado2016identification,
  title={Identification of relevant inter-channel {EEG} connectivity patterns: a kernel-based supervised approach},
  author={Hurtado-Rinc{\'o}n, Juana Valeria and Mart{\'\i}nez-Vargas, Juan David and Rojas-Jaramillo, Sebastian and Giraldo, Eduardo and Castellanos-Dominguez, German},
  booktitle={International Conference on Brain Informatics},
  pages={14--23},
  year={2016},
  organization={Springer}
}

@article{kulatilleke2023towards,
  title={Towards Efficient Graph Neural Networks for Optimizing Illicit Dark Web Interventions},
  author={Kulatilleke, Gayan},
  year={2023}
}

@article{hossain2023status,
  title={Status of deep learning for EEG-based brain--computer interface applications},
  author={Hossain, Khondoker Murad and Islam, Md Ariful and Hossain, Shahera and Nijholt, Anton and Ahad, Md Atiqur Rahman},
  journal={Frontiers in computational neuroscience},
  volume={16},
  pages={1006763},
  year={2023},
  publisher={Frontiers}
}

@article{brunner2015bnci,
  title={BNCI Horizon 2020: towards a roadmap for the BCI community},
  author={Brunner, Clemens and Birbaumer, Niels and Blankertz, Benjamin and Guger, Christoph and K{\"u}bler, Andrea and Mattia, Donatella and Mill{\'a}n, Jos{\'e} del R and Miralles, Felip and Nijholt, Anton and Opisso, Eloy and others},
  journal={Brain-computer interfaces},
  volume={2},
  number={1},
  pages={1--10},
  year={2015},
  publisher={Taylor \& Francis}
}


@article{sharma2023recent,
  title={Recent trends in EEG based Motor Imagery Signal Analysis and Recognition: A comprehensive review.},
  author={Sharma, Neha and Sharma, Manoj and Singhal, Amit and Vyas, Ritesh and Malik, Hasmat and Afthanorhan, Asyraf and Hossaini, Mohammad Asef},
  journal={IEEE Access},
  year={2023},
  publisher={IEEE}
}

@article{kondratyev2020data,
  title={Data anonymisation, outlier detection and fighting overfitting with restricted Boltzmann machines},
  author={Kondratyev, Alexei and Schwarz, Christian and Horvath, Blanka},
  journal={Outlier Detection and Fighting Overfitting with Restricted Boltzmann Machines (January 27, 2020)},
  year={2020}
}

@article{park2023improving,
  title={Improving Performance of Motor Imagery-Based Brain--Computer Interface in Poorly Performing Subjects Using a Hybrid-Imagery Method Utilizing Combined Motor and Somatosensory Activity},
  author={Park, Sangin and Ha, Jihyeon and Kim, Laehyun},
  journal={IEEE Transactions on Neural Systems and Rehabilitation Engineering},
  volume={31},
  pages={1064--1074},
  year={2023},
  publisher={IEEE}
}

@article{gunawardena2023kernel,
  title={Kernel-based Nonlinear Manifold Learning for EEG-based Functional Connectivity Analysis and Channel Selection with Application to Alzheimer’s Disease},
  author={Gunawardena, Rajintha and Sarrigiannis, Ptolemaios G and Blackburn, Daniel J and He, Fei},
  journal={Neuroscience},
  year={2023},
  publisher={Elsevier}
}


@article{tay2023elastic,
  title={Elastic net regularization paths for all generalized linear models},
  author={Tay, J Kenneth and Narasimhan, Balasubramanian and Hastie, Trevor},
  journal={Journal of statistical software},
  volume={106},
  year={2023},
  publisher={NIH Public Access}
}

@article{mammone2023autoencoder,
  title={AutoEncoder Filter Bank Common Spatial Patterns to Decode Motor Imagery From EEG},
  author={Mammone, Nadia and Ieracitano, Cosimo and Adeli, Hojjat and Morabito, Francesco C},
  journal={IEEE Journal of Biomedical and Health Informatics},
  year={2023},
  publisher={IEEE}
}

@article{yang20214,
  title={4-class mi-eeg signal generation and recognition with cvae-gan},
  author={Yang, Jun and Yu, Huijuan and Shen, Tao and Song, Yaolian and Chen, Zhuangfei},
  journal={Applied Sciences},
  volume={11},
  number={4},
  pages={1798},
  year={2021},
  publisher={MDPI}
}

@article{kollHod2023deep,
  title={Deep comparisons of Neural Networks from the EEGNet family},
  author={K{\"o}ll{\H{o}}d, Csaba M{\'a}rton and Adolf, Andr{\'a}s and Iv{\'a}n, Krist{\'o}f and M{\'a}rton, Gergely and Ulbert, Istv{\'a}n},
  journal={Electronics},
  volume={12},
  number={12},
  pages={2743},
  year={2023},
  publisher={MDPI}
}

@article{maiseli2023brain,
  title={Brain--computer interface: trend, challenges, and threats},
  author={Maiseli, Baraka and Abdalla, Abdi T and Massawe, Libe V and Mbise, Mercy and Mkocha, Khadija and Nassor, Nassor Ally and Ismail, Moses and Michael, James and Kimambo, Samwel},
  journal={Brain Informatics},
  volume={10},
  number={1},
  pages={20},
  year={2023},
  publisher={Springer}
}

@article{matemba2020technology,
  title={Technology acceptance model: recent developments, future directions, and proposal for hypothetical extensions},
  author={Matemba, Elizabeth D and Li, Guoxin and Gogan, Ives Chacourre Wangninanon and Maiseli, Baraka J},
  journal={International Journal of Technology Intelligence and Planning},
  volume={12},
  number={4},
  pages={315--348},
  year={2020},
  publisher={Inderscience Publishers (IEL)}
}

@article{willett2021high,
  title={High-performance brain-to-text communication via handwriting},
  author={Willett, Francis R and Avansino, Donald T and Hochberg, Leigh R and Henderson, Jaimie M and Shenoy, Krishna V},
  journal={Nature},
  volume={593},
  number={7858},
  pages={249--254},
  year={2021},
  publisher={Nature Publishing Group UK London}
}


@article{zhang2020data,
  title={Data augmentation for motor imagery signal classification based on a hybrid neural network},
  author={Zhang, Kai and Xu, Guanghua and Han, Zezhen and Ma, Kaiquan and Zheng, Xiaowei and Chen, Longting and Duan, Nan and Zhang, Sicong},
  journal={Sensors},
  volume={20},
  number={16},
  pages={4485},
  year={2020},
  publisher={MDPI}
}

@inproceedings{kostiukevych2021convolutional,
  title={Convolutional and recurrent neural networks for physical action forecasting by brain-computer interface},
  author={Kostiukevych, Kostiantyn and Stirenko, Sergii and Gordienko, Nikita and Rokovyi, Oleksandr and Alienin, Oleg and Gordienko, Yuri},
  booktitle={2021 11th IEEE International Conference on Intelligent Data Acquisition and Advanced Computing Systems: Technology and Applications (IDAACS)},
  volume={2},
  pages={973--978},
  year={2021},
  organization={IEEE}
}

@article{gao2022parallel,
  title={A Parallel Feature Fusion Network Combining GRU and CNN for Motor Imagery EEG Decoding},
  author={Gao, Siheng and Yang, Jun and Shen, Tao and Jiang, Wen},
  journal={Brain Sciences},
  volume={12},
  number={9},
  pages={1233},
  year={2022},
  publisher={MDPI}
}

@article{alazrai2019deep,
  title={A deep learning framework for decoding motor imagery tasks of the same hand using EEG signals},
  author={Alazrai, Rami and Abuhijleh, Motaz and Alwanni, Hisham and Daoud, Mohammad I},
  journal={IEEE Access},
  volume={7},
  pages={109612--109627},
  year={2019},
  publisher={IEEE}
}


@article{kumar2021opticalb,
  title={OPTICAL+: a frequency-based deep learning scheme for recognizing brain wave signals},
  author={Kumar, Shiu and Sharma, Ronesh and Sharma, Alok},
  journal={Peerj Computer Science},
  volume={7},
  pages={e375},
  year={2021},
  publisher={PeerJ Inc.}
}

@article{zhang2021hybrid,
  title={Hybrid deep neural network using transfer learning for EEG motor imagery decoding},
  author={Zhang, Ruilong and Zong, Qun and Dou, Liqian and Zhao, Xinyi and Tang, Yifan and Li, Zhiyu},
  journal={Biomedical Signal Processing and Control},
  volume={63},
  pages={102144},
  year={2021},
  publisher={Elsevier}
}

@article{fahimi2020generative,
  title={Generative adversarial networks-based data augmentation for brain--computer interface},
  author={Fahimi, Fatemeh and Dosen, Strahinja and Ang, Kai Keng and Mrachacz-Kersting, Natalie and Guan, Cuntai},
  journal={IEEE transactions on neural networks and learning systems},
  volume={32},
  number={9},
  pages={4039--4051},
  year={2020},
  publisher={IEEE}
}

@article{zhang2021combination,
  title={Combination of Variational Mode Decomposition for Feature Extraction and Deep Belief Network for Feature Classification in Motor Imagery Electroencephalogram Recognition.},
  author={Zhang, Wulin and Liang, Zeyu and Liu, Zirui},
  journal={Sensors \& Materials},
  volume={33},
  year={2021}
}

@article{xu2020recognition,
  title={Recognition of EEG signal motor imagery intention based on deep multi-view feature learning},
  author={Xu, Jiacan and Zheng, Hao and Wang, Jianhui and Li, Donglin and Fang, Xiaoke},
  journal={Sensors},
  volume={20},
  number={12},
  pages={3496},
  year={2020},
  publisher={MDPI}
}

@article{caicedo2021deep,
  title={Deep Neural Regression Prediction of Motor Imagery Skills Using {EEG} Functional Connectivity Indicators},
  author={Caicedo-Acosta, Julian and Casta{\~n}o, German A and Acosta-Medina, Carlos and Alvarez-Meza, Andres and Castellanos-Dominguez, German},
  journal={Sensors},
  volume={21},
  number={6},
  pages={1932},
  year={2021},
  publisher={Multidisciplinary Digital Publishing Institute}
}
@article{hamedi2016electroencephalographic,
  title={Electroencephalographic motor imagery brain connectivity analysis for {BCI}: a review},
  author={Hamedi, Mahyar and Salleh, Sh-Hussain and Noor, Alias Mohd},
  journal={Neural computation},
  volume={28},
  number={6},
  pages={999--1041},
  year={2016},
  publisher={MIT Press}
}
@article{shamsi2021early,
  title={Early classification of motor tasks using dynamic functional connectivity graphs from {EEG}},
  author={Shamsi, Foroogh and Haddad, Ali and Najafizadeh, Laleh},
  journal={{Journal of Neural Engineering}},
  volume={18},
  number={1},
  pages={016015},
  year={2021},
  publisher={IOP Publishing}
}
@article{stefano2018can,
  title={Can graph metrics be used for {EEG}-{BCI}s based on hand motor imagery?},
  author={Stefano Filho, Carlos Alberto and Attux, Romis and Castellano, Gabriela},
  journal={Biomedical Signal Processing and Control},
  volume={40},
  pages={359--365},
  year={2018},
  publisher={Elsevier}
}
@article{ai2019feature,
  title={Feature extraction of four-class motor imagery {EEG} signals based on functional brain network},
  author={Ai, Qingsong and Chen, Anqi and Chen, Kun and Liu, Quan and Zhou, Tichao and Xin, Sijin and Ji, Ze},
  journal={{Journal of Neural Engineering}},
  volume={16},
  number={2},
  pages={026032},
  year={2019},
  publisher={IOP Publishing}
}
@article{miladinovic2021effect,
  title={Effect of power feature covariance shift on {BCI} spatial-filtering techniques: A comparative study},
  author={Miladinovi{\'c}, Aleksandar and Aj{\v{c}}evi{\'c}, Milo{\v{s}} and Jarmolowska, Joanna and Marusic, Uros and Colussi, Marco and Silveri, Giulia and Battaglini, Piero Paolo and Accardo, Agostino},
  journal={Computer Methods and Programs in Biomedicine},
  volume={198},
  pages={105808},
  year={2021},
  publisher={Elsevier}
}
@article{zhang2019using,
  title={Using brain network features to increase the classification accuracy of {MI}-{BCI} inefficiency subject},
  author={Zhang, Rui and Li, Xianpeng and Wang, Yinwang and Liu, Bo and Shi, Li and Chen, Mingming and Zhang, Lipeng and Hu, Yuxia},
  journal={IEEE Access},
  volume={7},
  pages={74490--74499},
  year={2019},
  publisher={IEEE}
}
@article{zhang2018new,
  title={A new motor imagery {EEG} classification method {FB}-{TRCSP}+ {RF} based on {CSP} and random forest},
  author={Zhang, Ranran and Xiao, Xiaoyan and Liu, Zhi and Jiang, Wei and Li, Jianwen and Cao, Yankun and Ren, Jianmin and Jiang, Dongmei and Cui, Lizhen},
  journal={IEEE Access},
  volume={6},
  pages={44944--44950},
  year={2018},
  publisher={IEEE}
}
@article{wu2020investigating,
  title={Investigating {EEG}-based functional connectivity patterns for multimodal emotion recognition},
  author={Wu, Xun and Zheng, Wei-Long and Lu, Bao-Liang},
  journal={arXiv preprint arXiv:2004.01973},
  year={2020}
}
@article{gao2021complex,
  title={Complex networks and deep learning for {EEG} signal analysis},
  author={Gao, Zhongke and Dang, Weidong and Wang, Xinmin and Hong, Xiaolin and Hou, Linhua and Ma, Kai and Perc, Matja{\v{z}}},
  journal={Cognitive Neurodynamics},
  volume={15},
  number={3},
  pages={369--388},
  year={2021},
  publisher={Springer}
}
@article{barachant2013classification,
  title={Classification of covariance matrices using a Riemannian-based kernel for {BCI} applications},
  author={Barachant, Alexandre and Bonnet, St{\'e}phane and Congedo, Marco and Jutten, Christian},
  journal={Neurocomputing},
  volume={112},
  pages={172--178},
  year={2013},
  publisher={Elsevier}
}
@article{fauzi2019energy,
  title={Energy extraction method for {EEG} channel selection},
  author={Fauzi, Hilman and Azzam, M Abdullah and Shapiai, Mohd Ibrahim and Kyoso, Masaki and Khairuddin, Uswah and Komura, Tadayasu},
  journal={Telkomnika},
  volume={17},
  number={5},
  pages={2561--2571},
  year={2019},
  publisher={Ahmad Dahlan University}
}
@article{cai2021single,
  title={Single-Trial {EEG} Classification via Common Spatial Patterns with Mixed Lp-and Lq-Norms},
  author={Cai, Qian and Gong, Weiqiang and Deng, Yue and Wang, Haixian},
  journal={Mathematical Problems in Engineering},
  volume={2021},
  year={2021},
  publisher={Hindawi}
}


@article{ma2020dwt,
  title={DWT and CNN based multi-class motor imagery electroencephalographic signal recognition},
  author={Ma, Xunguang and Wang, Dashuai and Liu, Danhua and Yang, Jimin},
  journal={Journal of neural engineering},
  volume={17},
  number={1},
  pages={016073},
  year={2020},
  publisher={IOP Publishing}
}

@article{tang2020motor,
  title={Motor imagery EEG recognition based on conditional optimization empirical mode decomposition and multi-scale convolutional neural network},
  author={Tang, Xianlun and Li, Wei and Li, Xingchen and Ma, Weichang and Dang, Xiaoyuan},
  journal={Expert Systems with Applications},
  volume={149},
  pages={113285},
  year={2020},
  publisher={Elsevier}
}

@article{tang2014l1,
  title={L1-norm based discriminative spatial pattern for single-trial {EEG} classification},
  author={Tang, Qin and Wang, Jing and Wang, Haixian},
  journal={Biomedical Signal Processing and Control},
  volume={10},
  pages={313--321},
  year={2014},
  publisher={Elsevier}
}
@article{xie2018bilinear,
  title={Bilinear regularized locality preserving learning on Riemannian graph for motor imagery {BCI}},
  author={Xie, Xiaofeng and Yu, Zhu Liang and Gu, Zhenghui and Zhang, Jun and Cen, Ling and Li, Yuanqing},
  journal={IEEE Transactions on Neural Systems and Rehabilitation Engineering},
  volume={26},
  number={3},
  pages={698--708},
  year={2018},
  publisher={IEEE}
}
@article{al2021motor,
  title={Motor Imagery {EEG} Classification Using Random Subspace Ensemble Network with Variable Length Features},
  author={Al Nazi, Zabir and Hossain, ABM Aowlad and Islam, Md Monirul},
  journal={International Journal Bioautomation},
  volume={25},
  number={1},
  pages={13},
  year={2021},
  publisher={Bulgarska Akademiya na Naukite/Bulgarian Academy of Sciences}
}
@inproceedings{grilo2019artifact,
  title={Artifact Removal in {EEG} based Emotional Signals through Linear and Nonlinear Methods},
  author={Grilo, Marcelo and Ribeiro, Layse and Moraes, Caroline and Melo, Carlos and Fantinato, Denis and Sampaio, Leonardo and Neves, Aline and Ramos, Rodrigo},
  booktitle={2019 E-Health and Bioengineering Conference (EHB)},
  pages={1--4},
  year={2019},
  organization={IEEE}
}
@article{xiong2020weighted,
  title={Weighted brain network metrics for decoding action intention understanding based on {EEG}},
  author={Xiong, Xingliang and Yu, Zhenhua and Ma, Tian and Luo, Ning and Wang, Haixian and Lu, Xuesong and Fan, Hui},
  journal={Frontiers in Human Neuroscience},
  volume={14},
  pages={232},
  year={2020},
  publisher={Frontiers}
}
@article{hrisca2021multi,
  title={Multi-Sessions Outcome for {EEG} Feature Extraction and Classification Methods in a Motor Imagery Task.},
  author={Hrisca-Eva, Oana-Diana and Lazar, Anca Mihaela},
  journal={Traitement du Signal},
  volume={38},
  number={2},
  year={2021}
}
@article{zhang2020brain,
  title={Brain Functional Networks Based on Resting-State {EEG} Data for Major Depressive Disorder Analysis and Classification},
  author={Zhang, Bingtao and Yan, Guanghui and Yang, Zhifei and Su, Yun and Wang, Jinfeng and Lei, Tao},
  journal={IEEE Transactions on Neural Systems and Rehabilitation Engineering},
  volume={29},
  pages={215--229},
  year={2020},
  publisher={IEEE}
}
@inproceedings{wang2021time,
  title={A Time-Varying Method for Brain Effective Connectivity Analysis of Emotional {EEG} Data},
  author={Wang, Zhongmin and Wang, Fei and Liang, Chen and Zhang, Jie},
  booktitle={2021 IEEE 6th International Conference on Cloud Computing and Big Data Analytics (ICCCBDA)},
  pages={131--139},
  year={2021},
  organization={IEEE}
}
@article{modares2021quantification,
  title={Quantification of pain severity using {EEG}-based functional connectivity},
  author={Modares-Haghighi, P and Boostani, R and Nami, M and Sanei, S},
  journal={Biomedical Signal Processing and Control},
  volume={69},
  pages={102840},
  year={2021},
  publisher={Elsevier}
}
@article{duan2020machine,
  title={Machine learning approaches for {MDD} detection and emotion decoding using {EEG} signals},
  author={Duan, Lijuan and Duan, Huifeng and Qiao, Yuanhua and Sha, Sha and Qi, Shunai and Zhang, Xiaolong and Huang, Juan and Huang, Xiaohan and Wang, Changming},
  journal={Frontiers in Human Neuroscience},
  volume={14},
  year={2020},
  publisher={Frontiers Media SA}
}
@inproceedings{parhi2021classifying,
  title={Classifying imaginary vowels from frontal lobe {EEG} via deep learning},
  author={Parhi, Megha and Tewfik, Ahmed H},
  booktitle={2020 28th European Signal Processing Conference (EUSIPCO)},
  pages={1195--1199},
  year={2021},
  organization={IEEE}
}
@article{buchanan2021elevated,
  title={Elevated and Slowed {EEG} Oscillations in Patients with Post-Concussive Syndrome and Chronic Pain Following a Motor Vehicle Collision},
  author={Buchanan, Derrick Matthew and Ros, Tomas and Nahas, Richard},
  journal={Brain Sciences},
  volume={11},
  number={5},
  pages={537},
  year={2021},
  publisher={Multidisciplinary Digital Publishing Institute}
}
@article{gaur2021automatic,
  title={An automatic subject specific channel selection method for enhancing motor imagery classification in {EEG}-{BCI} using correlation},
  author={Gaur, Pramod and McCreadie, Karl and Pachori, Ram Bilas and Wang, Hui and Prasad, Girijesh},
  journal={Biomedical Signal Processing and Control},
  volume={68},
  pages={102574},
  year={2021},
  publisher={Elsevier}
}
@article{yu2021cross,
  title={Cross-correlation based discriminant criterion for channel selection in motor imagery {BCI} systems},
  author={Yu, Jianli and Yu, Zhu Liang},
  journal={{Journal of Neural Engineering}},
  year={2021},
  publisher={IOP Publishing}
}
@article{craik2019deep,
  title={Deep learning for electroencephalogram ({EEG}) classification tasks: a review},
  author={Craik, Alexander and He, Yongtian and Contreras-Vidal, Jose L},
  journal={{Journal of Neural Engineering}},
  volume={16},
  number={3},
  pages={031001},
  year={2019},
  publisher={IOP Publishing}
}
@article{idowu2021integrated,
  title={An integrated deep learning model for motor intention recognition of multi-class {EEG} Signals in upper limb amputees},
  author={Idowu, Oluwagbenga Paul and Ilesanmi, Ademola Enitan and Li, Xiangxin and Samuel, Oluwarotimi Williams and Fang, Peng and Li, Guanglin},
  journal={Computer Methods and Programs in Biomedicine},
  volume={206},
  pages={106121},
  year={2021},
  publisher={Elsevier}
}
@article{li2021novel,
  title={A novel transferability attention neural network model for {EEG} emotion recognition},
  author={Li, Yang and Fu, Boxun and Li, Fu and Shi, Guangming and Zheng, Wenming},
  journal={Neurocomputing},
  volume={447},
  pages={92--101},
  year={2021},
  publisher={Elsevier}
}
@article{abdulkarim2021online,
  title={Online multiclass {EEG} feature extraction and recognition using modified convolutional neural network method},
  author={Abdulkarim, Haider and Al-Faiz, Mohammed Z},
  journal={International Journal of Electrical and Computer Engineering (IJECE)},
  volume={11},
  number={5},
  pages={4016--4026},
  year={2021}
}
@article{apicella2021high,
  title={High-wearable {EEG}-based distraction detection in motor rehabilitation},
  author={Apicella, Andrea and Arpaia, Pasquale and Frosolone, Mirco and Moccaldi, Nicola},
  journal={Scientific Reports},
  volume={11},
  number={1},
  pages={1--9},
  year={2021},
  publisher={Nature Publishing Group}
}
@article{akella2021classifying,
  title={Classifying multi-level stress responses from brain cortical {EEG} in Nurses and Non-health professionals using Machine Learning Auto Encoder},
  author={Akella, Ashlesha and Singh, Avinash Kumar and Leong, Daniel and Lal, Sara and Newton, Phillip and Clifton-Bligh, Roderick and Mclachlan, Craig Steven and Gustin, Sylvia Maria and Maharaj, Shamona and Lees, Ty and others},
  journal={IEEE Journal of Translational Engineering in Health and Medicine},
  volume={9},
  pages={1--9},
  year={2021},
  publisher={IEEE}
}
@article{wang2020enhance,
  title={Enhance decoding of pre-movement {EEG} patterns for brain--computer interfaces},
  author={Wang, Kun and Xu, Minpeng and Wang, Yijun and Zhang, Shanshan and Chen, Long and Ming, Dong},
  journal={{Journal of Neural Engineering}},
  volume={17},
  number={1},
  pages={016033},
  year={2020},
  publisher={IOP Publishing}
}
@inproceedings{sarin2020automated,
  title={Automated ocular artifacts identification and removal from {EEG} data using hybrid machine learning methods},
  author={Sarin, Mohit and Verma, Akshat and Mehta, Deepthi Hitesh and Shukla, Praveen Kumar and Verma, Shrish},
  booktitle={2020 7th International Conference on Signal Processing and Integrated Networks (SPIN)},
  pages={1054--1059},
  year={2020},
  organization={IEEE}
}
@article{tuncer2021automated,
  title={Automated {EEG} signal classification using chaotic local binary pattern},
  author={Tuncer, Turker and Dogan, Sengul and Acharya, U Rajendra},
  journal={Expert Systems with Applications},
  volume={182},
  pages={115175},
  year={2021},
  publisher={Elsevier}
}
@inproceedings{nisar2018brain,
  title={Brain functional connectivity analysis using single trial {EEG} for understanding individual mechanisms},
  author={Nisar, Humaira and Thee, Kang Wei and Lim, Seng Hooi and Yap, Vooi Voon and Teh, Peh Chiong and Nor, Norliza Mohammad and Chow, Chin Moi},
  booktitle={2018 IEEE 14th International Colloquium on Signal Processing \& Its Applications (CSPA)},
  pages={209--214},
  year={2018},
  organization={IEEE}
}
@article{al2020decoding,
  title={Decoding of single-trial {EEG} reveals unique states of functional brain connectivity that drive rapid speech categorization decisions},
  author={Al-Fahad, Rakib and Yeasin, Mohammed and Bidelman, Gavin M},
  journal={{Journal of Neural Engineering}},
  volume={17},
  number={1},
  pages={016045},
  year={2020},
  publisher={IOP Publishing}
}

@article{vidaurre2021improving,
  title={Improving motor imagery classification during induced motor perturbations},
  author={Vidaurre, Carmen and Jorajur{\'\i}a, Tania and Ramos-Murguialday, Ander and M{\"u}ller, Klaus Robert and G{\'o}mez, M and Nikulin, Vadim V},
  journal={Journal of neural engineering},
  volume={18},
  number={4},
  pages={0460b1},
  year={2021},
  publisher={IOP Publishing}
}

@article{van2021frontal,
  title={Frontal brain areas are more involved during motor imagery than during motor execution/preparation of a response sequence},
  author={Van der Lubbe, Rob HJ and Sobierajewicz, Jagna and Jongsma, Marijtje LA and Verwey, Willem B and Przekoracka-Krawczyk, Anna},
  journal={International journal of psychophysiology},
  volume={164},
  pages={71--86},
  year={2021},
  publisher={Elsevier}
}

@article{congedo2017riemannian,
  title={Riemannian geometry for {EEG}-based brain-computer interfaces; a primer and a review},
  author={Congedo, Marco and Barachant, Alexandre and Bhatia, Rajendra},
  journal={Brain-Computer Interfaces},
  volume={4},
  number={3},
  pages={155--174},
  year={2017},
  publisher={Taylor \& Francis}
}
@article{al2021deep,
  title={Deep learning for motor imagery {EEG}-based classification: A review},
  author={Al-Saegh, Ali and Dawwd, Shefa A and Abdul-Jabbar, Jassim M},
  journal={Biomedical Signal Processing and Control},
  volume={63},
  pages={102172},
  year={2021},
  publisher={Elsevier}
}
@article{stefano2021reorganization,
  title={Reorganization of Resting-State {EEG} Functional Connectivity Patterns in Children with Cerebral Palsy Following a Motor Imagery Virtual-Reality Intervention},
  author={Stefano Filho, Carlos Alberto and Ignacio Serrano, Jos{\'e} and Attux, Romis and Castellano, Gabriela and Rocon, Eduardo and del Castillo, Maria Dolores},
  journal={Applied Sciences},
  volume={11},
  number={5},
  pages={2372},
  year={2021},
  publisher={Multidisciplinary Digital Publishing Institute}
}
@article{xie2020review,
  title={A Review of Processing Methods and Classification Algorithm for {EEG} Signal.},
  author={Xie, Yu and Oniga, Stefan},
  journal={Carpathian Journal of Electronic \& Computer Engineering},
  volume={12},
  number={3},
  year={2020}
}
@article{lu2011reorganization,
  title={Reorganization of functional connectivity during the motor task using {EEG} time--frequency cross mutual information analysis},
  author={Lu, Chia-Feng and Teng, Shin and Hung, Chih-I and Tseng, Po-Jung and Lin, Liang-Ta and Lee, Po-Lei and Wu, Yu-Te},
  journal={Clinical Neurophysiology},
  volume={122},
  number={8},
  pages={1569--1579},
  year={2011},
  publisher={Elsevier}
}
@article{sakkalis2011review,
  title={Review of advanced techniques for the estimation of brain connectivity measured with {EEG}/{MEG}},
  author={Sakkalis, Vangelis},
  journal={Computers in biology and medicine},
  volume={41},
  number={12},
  pages={1110--1117},
  year={2011},
  publisher={Elsevier}
}
@article{gonuguntla2016event,
  title={Event-related functional network identification: application to {EEG} classification},
  author={Gonuguntla, Venkateswarlu and Wang, Yubo and Veluvolu, Kalyana C},
  journal={IEEE journal of selected topics in signal processing},
  volume={10},
  number={7},
  pages={1284--1294},
  year={2016},
  publisher={IEEE}
}
@article{paz2017spatio,
  title={Spatio temporal {EEG} source imaging with the hierarchical bayesian elastic net and elitist lasso models},
  author={Paz-Linares, Deirel and Vega-Hernandez, Mayrim and Rojas-Lopez, Pedro A and Valdes-Hernandez, Pedro A and Martinez-Montes, Eduardo and Valdes-Sosa, Pedro A},
  journal={Frontiers in neuroscience},
  volume={11},
  pages={635},
  year={2017},
  publisher={Frontiers}
}
@article{peterson2019penalized,
  title={A penalized time-frequency band feature selection and classification procedure for improved motor intention decoding in multichannel {EEG}},
  author={Peterson, Victoria and Wyser, Dominik and Lambercy, Olivier and Spies, Ruben and Gassert, Roger},
  journal={{Journal of Neural Engineering}},
  volume={16},
  number={1},
  pages={016019},
  year={2019},
  publisher={IOP Publishing}
}
@article{fu2020improvement,
  title={Improvement motor imagery {EEG} classification based on sparse common spatial pattern and regularized discriminant analysis},
  author={Fu, Rongrong and Han, Mengmeng and Tian, Yongsheng and Shi, Peiming},
  journal={Journal of Neuroscience Methods},
  volume={343},
  pages={108833},
  year={2020},
  publisher={Elsevier}
}
@book{lee2004feature,
  title={Feature mapping using {PCA}, locally linear embedding and isometric feature mapping for {EEG}-based brain computer interface},
  author={Lee, Felix and Scherer, Reinhold and Leeb, Robert and Schl{\"o}gl, Alois and Bischof, Horst and Pfurtscheller, Gert},
  year={2004},
  publisher={Citeseer}
}
@inproceedings{gramfort2007low,
  title={Low dimensional representations of {MEG}/{EEG} data using laplacian eigenmaps},
  author={Gramfort, Alexandre and Clerc, Maureen},
  booktitle={2007 Joint Meeting of the 6th International Symposium on Noninvasive Functional Source Imaging of the Brain and Heart and the International Conference on Functional Biomedical Imaging},
  pages={169--172},
  year={2007},
  organization={IEEE}
}
@inproceedings{iturralde2012motor,
  title={Motor intention recognition in {EEG}: In pursuit of a relevant feature set},
  author={Iturralde, Pablo A and Patrone, Mart{\'\i}n and Lecumberry, Federico and Fern{\'a}ndez, Alicia},
  booktitle={Iberoamerican Congress on Pattern Recognition},
  pages={551--558},
  year={2012},
  organization={Springer}
}
@article{gupta2015performance,
  title={Performance enhancement of mental task classification using {EEG} signal: a study of multivariate feature selection methods},
  author={Gupta, Akshansh and Agrawal, RK and Kaur, Baljeet},
  journal={Soft Computing},
  volume={19},
  number={10},
  pages={2799--2812},
  year={2015},
  publisher={Springer}
}
@article{al2017review,
  title={Review and classification of emotion recognition based on {EEG} brain-computer interface system research: a systematic review},
  author={Al-Nafjan, Abeer and Hosny, Manar and Al-Ohali, Yousef and Al-Wabil, Areej},
  journal={Applied Sciences},
  volume={7},
  number={12},
  pages={1239},
  year={2017},
  publisher={Multidisciplinary Digital Publishing Institute}
}
@article{ismail2020graph,
  title={A Graph Theory-Based Modeling of Functional Brain Connectivity Based on {EEG}: A Systematic Review in the Context of Neuroergonomics},
  author={Ismail, Lina Elsherif and Karwowski, Waldemar},
  journal={IEEE Access},
  volume={8},
  pages={155103--155135},
  year={2020},
  publisher={IEEE}
}
@article{saha2020intra,
  title={Intra-and inter-subject variability in {EEG}-based sensorimotor brain computer interface: a review},
  author={Saha, Simanto and Baumert, Mathias},
  journal={Frontiers in computational neuroscience},
  volume={13},
  pages={87},
  year={2020},
  publisher={Frontiers}
}
@article{abiri2019comprehensive,
  title={A comprehensive review of {EEG}-based brain--computer interface paradigms},
  author={Abiri, Reza and Borhani, Soheil and Sellers, Eric W and Jiang, Yang and Zhao, Xiaopeng},
  journal={{Journal of Neural Engineering}},
  volume={16},
  number={1},
  pages={011001},
  year={2019},
  publisher={IOP Publishing}
}
@inproceedings{coelho2012automatic,
  title={Automatic feature selection for {BCI}: an analysis using the davies-bouldin index and extreme learning machines},
  author={Coelho, Guilherme P and Barbante, Celso C and Boccato, Levy and Attux, Romis RF and Oliveira, Jos{\'e} R and Von Zuben, Fernando J},
  booktitle={The 2012 International Joint Conference on Neural Networks (IJCNN)},
  pages={1--8},
  year={2012},
  organization={IEEE}
}
@article{rejer2013genetic,
  title={Genetic algorithm and forward method for feature selection in {EEG} feature space},
  author={Rejer, Izabela and Lorenz, Krzysztof},
  journal={Journal of Theoretical and Applied Computer Science},
  volume={7},
  number={2},
  pages={72--82},
  year={2013}
}
@article{noshadi2014selection,
  title={Selection of an efficient feature space for {EEG}-based mental task discrimination},
  author={Noshadi, Somayeh and Abootalebi, Vahid and Sadeghi, Mohammad Taghi and Shahvazian, Mohammad Shahab},
  journal={Biocybernetics and Biomedical Engineering},
  volume={34},
  number={3},
  pages={159--168},
  year={2014},
  publisher={Elsevier}
}
@article{arvaneh2011optimizing,
  title={Optimizing the channel selection and classification accuracy in {EEG}-based {BCI}},
  author={Arvaneh, Mahnaz and Guan, Cuntai and Ang, Kai Keng and Quek, Chai},
  journal={IEEE Transactions on Biomedical Engineering},
  volume={58},
  number={6},
  pages={1865--1873},
  year={2011},
  publisher={IEEE}
}
@article{he2013channel,
  title={Channel selection by Rayleigh coefficient maximization based genetic algorithm for classifying single-trial motor imagery {EEG}},
  author={He, Lin and Hu, Youpan and Li, Yuanqing and Li, Daoli},
  journal={Neurocomputing},
  volume={121},
  pages={423--433},
  year={2013},
  publisher={Elsevier}
}
@article{ghane2020learning,
  title={Learning Patterns in Imaginary Vowels for an Intelligent Brain Computer Interface ({BCI}) Design},
  author={Ghane, Parisa and Hossain, Gahangir},
  journal={arXiv preprint arXiv:2010.12066},
  year={2020}
}
@article{thakur2016neurological,
  title={Neurological disorders},
  author={Thakur, Kiran T and Albanese, Emiliano and Giannakopoulos, Panteleimon and Jette, Nathalie and Linde, Mattias and Prince, Martin J and Steiner, Timothy J and Dua, Tarun},
  year={2016}
}
@inproceedings{ruiz2020volume,
  title={Volume Conduction Effects on Connectivity Metrics: Application of Network Parameters to Characterize Alzheimer’s Disease Continuum},
  author={Ruiz-G{\'o}mez, Sa{\'u}l J and G{\'o}mez, Carlos and Poza, Jes{\'u}s and Revilla-Vallejo, Marcos and Guti{\'e}rrez-de-Pablo, V{\'\i}ctor and Rodr{\'\i}guez-Gonz{\'a}lez, V{\'\i}ctor and Maturana-Candelas, Aar{\'o}n and Hornero, Roberto},
  booktitle={2020 42nd Annual International Conference of the IEEE Engineering in Medicine \& Biology Society (EMBC)},
  pages={30--33},
  year={2020},
  organization={IEEE}
}
@article{nkengfack2020EEG,
  title={{EEG} signals analysis for epileptic seizures detection using polynomial transforms, linear discriminant analysis and support vector machines},
  author={Nkengfack, Laurent Chanel Djoufack and Tchiotsop, Daniel and Atangana, Romain and Louis-Door, Val{\'e}rie and Wolf, Didier},
  journal={Biomedical Signal Processing and Control},
  volume={62},
  pages={102141},
  year={2020},
  publisher={Elsevier}
}
@article{chao2020emotion,
  title={Emotion recognition from multi-channel {EEG} signals by exploiting the deep belief-conditional random field framework},
  author={Chao, Hao and Liu, Yongli},
  journal={IEEE Access},
  volume={8},
  pages={33002--33012},
  year={2020},
  publisher={IEEE}
}
@article{li2021fft,
  title={{FFT}-based deep feature learning method for {EEG} classification},
  author={Li, Mingyang and Chen, Wanzhong},
  journal={Biomedical Signal Processing and Control},
  volume={66},
  pages={102492},
  year={2021},
  publisher={Elsevier}
}
@article{hang2020deep,
  title={Deep stacked support matrix machine based representation learning for motor imagery {EEG} classification},
  author={Hang, Wenlong and Feng, Wei and Liang, Shuang and Wang, Qiong and Liu, Xuejun and Choi, Kup-Sze},
  journal={Computer methods and programs in biomedicine},
  volume={193},
  pages={105466},
  year={2020},
  publisher={Elsevier}
}
@article{seghier2018interpreting,
  title={Interpreting and utilising intersubject variability in brain function},
  author={Seghier, Mohamed L and Price, Cathy J},
  journal={Trends in cognitive sciences},
  volume={22},
  number={6},
  pages={517--530},
  year={2018},
  publisher={Elsevier}
}
@article{kubler2020history,
  title={The history of {BCI}: From a vision for the future to real support for personhood in people with locked-in syndrome},
  author={K{\"u}bler, Andrea},
  journal={Neuroethics},
  volume={13},
  number={2},
  pages={163--180},
  year={2020},
  publisher={Springer}
}
@inproceedings{wu2019identifying,
  title={Identifying functional brain connectivity patterns for {EEG}-based emotion recognition},
  author={Wu, Xun and Zheng, Wei-Long and Lu, Bao-Liang},
  booktitle={2019 9th International IEEE/EMBS Conference on Neural Engineering (NER)},
  pages={235--238},
  year={2019},
  organization={IEEE}
}
@article{selvaraju2016grad,
  title={{Grad-CAM}: Why did you say that?},
  author={Selvaraju, Ramprasaath R and Das, Abhishek and Vedantam, Ramakrishna and Cogswell, Michael and Parikh, Devi and Batra, Dhruv},
  journal={arXiv preprint arXiv:1611.07450},
  year={2016}
}
@inproceedings{wang2020score,
  title={Score-{CAM}: Score-weighted visual explanations for convolutional neural networks},
  author={Wang, Haofan and Wang, Zifan and Du, Mengnan and Yang, Fan and Zhang, Zijian and Ding, Sirui and Mardziel, Piotr and Hu, Xia},
  booktitle={Proceedings of the IEEE/CVF conference on computer vision and pattern recognition workshops},
  pages={24--25},
  year={2020}
}
@article{omeiza2019smooth,
  title={Smooth grad-{CAM}++: An enhanced inference level visualization technique for deep convolutional neural network models},
  author={Omeiza, Daniel and Speakman, Skyler and Cintas, Celia and Weldermariam, Komminist},
  journal={arXiv preprint arXiv:1908.01224},
  year={2019}
}
@inproceedings{fong2017interpretable,
  title={Interpretable explanations of black boxes by meaningful perturbation},
  author={Fong, Ruth C and Vedaldi, Andrea},
  booktitle={Proceedings of the IEEE international conference on computer vision},
  pages={3429--3437},
  year={2017}
}
@inproceedings{pope2019explainability,
  title={Explainability methods for graph convolutional neural networks},
  author={Pope, Phillip E and Kolouri, Soheil and Rostami, Mohammad and Martin, Charles E and Hoffmann, Heiko},
  booktitle={Proceedings of the IEEE/CVF Conference on Computer Vision and Pattern Recognition},
  pages={10772--10781},
  year={2019}
}
@article{xie2019deep,
  title={Deep kernel learning via random Fourier features},
  author={Xie, Jiaxuan and Liu, Fanghui and Wang, Kaijie and Huang, Xiaolin},
  journal={arXiv preprint arXiv:1910.02660},
  year={2019}
}

@article{lebedev2006brain,
  title={Brain--machine interfaces: past, present and future},
  author={Lebedev, Mikhail A and Nicolelis, Miguel AL},
  journal={TRENDS in Neurosciences},
  volume={29},
  number={9},
  pages={536--546},
  year={2006},
  publisher={Elsevier}
}
@article{sitaram2017closed,
  title={Closed-loop brain training: the science of neurofeedback},
  author={Sitaram, Ranganatha and Ros, Tomas and Stoeckel, Luke and Haller, Sven and Scharnowski, Frank and Lewis-Peacock, Jarrod and Weiskopf, Nikolaus and Blefari, Maria Laura and Rana, Mohit and Oblak, Ethan and others},
  journal={Nature Reviews Neuroscience},
  volume={18},
  number={2},
  pages={86--100},
  year={2017},
  publisher={Nature Publishing Group UK London}
}
@article{hochberg2012reach,
  title={Reach and grasp by people with tetraplegia using a neurally controlled robotic arm},
  author={Hochberg, Leigh R and Bacher, Daniel and Jarosiewicz, Beata and Masse, Nicolas Y and Simeral, John D and Vogel, Joern and Haddadin, Sami and Liu, Jie and Cash, Sydney S and Van Der Smagt, Patrick and others},
  journal={Nature},
  volume={485},
  number={7398},
  pages={372--375},
  year={2012},
  publisher={Nature Publishing Group UK London}
}
@article{varbu2022past,
  title={Past, present, and future of EEG-based BCI applications},
  author={V{\"a}rbu, Kaido and Muhammad, Naveed and Muhammad, Yar},
  journal={Sensors},
  volume={22},
  number={9},
  pages={3331},
  year={2022},
  publisher={MDPI}
}
@article{smith2011network,
  title={Network modelling methods for FMRI},
  author={Smith, Stephen M and Miller, Karla L and Salimi-Khorshidi, Gholamreza and Webster, Matthew and Beckmann, Christian F and Nichols, Thomas E and Ramsey, Joseph D and Woolrich, Mark W},
  journal={Neuroimage},
  volume={54},
  number={2},
  pages={875--891},
  year={2011},
  publisher={Elsevier}
}

@inproceedings{kotte2020methods,
  title={Methods for removal of artifacts from EEG signal: A review},
  author={Kotte, Shailaja and Dabbakuti, JRK Kumar},
  booktitle={Journal of Physics: Conference Series},
  volume={1706},
  number={1},
  pages={012093},
  year={2020},
  organization={IOP Publishing}
}

@article{xu2018wavelet,
  title={Wavelet transform time-frequency image and convolutional network-based motor imagery EEG classification},
  author={Xu, Baoguo and Zhang, Linlin and Song, Aiguo and Wu, Changcheng and Li, Wenlong and Zhang, Dalin and Xu, Guozheng and Li, Huijun and Zeng, Hong},
  journal={Ieee Access},
  volume={7},
  pages={6084--6093},
  year={2018},
  publisher={IEEE}
}

@article{mridha2021brain,
  title={Brain-computer interface: Advancement and challenges},
  author={Mridha, Muhammad F and Das, Sujoy Chandra and Kabir, Muhammad Mohsin and Lima, Aklima Akter and Islam, Md Rashedul and Watanobe, Yutaka},
  journal={Sensors},
  volume={21},
  number={17},
  pages={5746},
  year={2021},
  publisher={MDPI}
}

@article{uribe2019correntropy,
  title={A correntropy-based classifier for motor imagery brain-computer interfaces},
  author={Uribe, Luisa Fernanda Suarez and Stefano Filho, Carlos Alberto and de Oliveira, Vinicius Alves and da Silva Costa, Thiago Bulh{\~o}es and Rodrigues, Paula Gabrielly and Soriano, Diogo Coutinho and Boccato, Levy and Castellano, Gabriela and Attux, Romis},
  journal={Biomedical Physics \& Engineering Express},
  volume={5},
  number={6},
  pages={065026},
  year={2019},
  publisher={IOP Publishing}
}

@inproceedings{lahane2019review,
  title={A review of recent trends in EEG based Brain-Computer Interface},
  author={Lahane, Prashant and Jagtap, Jay and Inamdar, Aditya and Karne, Nihal and Dev, Ritwik},
  booktitle={2019 International Conference on Computational Intelligence in Data Science (ICCIDS)},
  pages={1--6},
  year={2019},
  organization={IEEE}
}

@article{stergiadis2022bss,
  title={Which BSS method separates better the EEG Signals? A comparison of five different algorithms},
  author={Stergiadis, Christos and Kostaridou, Vasiliki-Despoina and Klados, Manousos A},
  journal={Biomedical Signal Processing and Control},
  volume={72},
  pages={103292},
  year={2022},
  publisher={Elsevier}
}

@article{altaheri2023deep,
  title={Deep learning techniques for classification of electroencephalogram (EEG) motor imagery (MI) signals: A review},
  author={Altaheri, Hamdi and Muhammad, Ghulam and Alsulaiman, Mansour and Amin, Syed Umar and Altuwaijri, Ghadir Ali and Abdul, Wadood and Bencherif, Mohamed A and Faisal, Mohammed},
  journal={Neural Computing and Applications},
  volume={35},
  number={20},
  pages={14681--14722},
  year={2023},
  publisher={Springer}
}
@article{maksimenko2017macroscopic,
  title={Macroscopic and microscopic spectral properties of brain networks during local and global synchronization},
  author={Maksimenko, Vladimir A and L{\"u}ttjohann, Annika and Makarov, Vladimir V and Goremyko, Mikhail V and Koronovskii, Alexey A and Nedaivozov, Vladimir and Runnova, Anastasia E and van Luijtelaar, Gilles and Hramov, Alexander E and Boccaletti, Stefano},
  journal={Physical Review E},
  volume={96},
  number={1},
  pages={012316},
  year={2017},
  publisher={APS}
}
@inproceedings{bang2022interpretable,
  title={Interpretable Convolutional Neural Networks for Subject-Independent Motor Imagery Classification},
  author={Bang, Ji-Seon and Lee, Seong-Whan},
  booktitle={2022 10th International Winter Conference on Brain-Computer Interface (BCI)},
  pages={1--5},
  year={2022},
  organization={IEEE}
}
@article{garg2023review,
  title={A review of Deep Learning based methods for Affect Analysis using Physiological Signals},
  author={Garg, Divya and Verma, Gyanendra Kumar and Singh, Awadhesh Kumar},
  journal={Multimedia Tools and Applications},
  pages={1--46},
  year={2023},
  publisher={Springer}
}
@article{kim2022rethinking,
  title={Rethinking CNN architecture for enhancing decoding performance of motor imagery-based EEG signals},
  author={Kim, Sung-Jin and Lee, Dae-Hyeok and Lee, Seong-Whan},
  journal={IEEE Access},
  volume={10},
  pages={96984--96996},
  year={2022},
  publisher={IEEE}
}

@article{miao2020spatial,
  title={Spatial-frequency feature learning and classification of motor imagery EEG based on deep convolution neural network},
  author={Miao, Minmin and Hu, Wenjun and Yin, Hongwei and Zhang, Ke},
  journal={Computational and mathematical methods in medicine},
  volume={2020},
  year={2020},
  publisher={Hindawi}
}

@article{alwasiti2020motor,
  title={Motor imagery classification for brain computer interface using deep metric learning},
  author={Alwasiti, Haider and Yusoff, Mohd Zuki and Raza, Kamran},
  journal={IEEE Access},
  volume={8},
  pages={109949--109963},
  year={2020},
  publisher={IEEE}
}

@article{kant2020cwt,
  title={CWT based transfer learning for motor imagery classification for brain computer interfaces},
  author={Kant, Piyush and Laskar, Shahedul Haque and Hazarika, Jupitara and Mahamune, Rupesh},
  journal={Journal of Neuroscience Methods},
  volume={345},
  pages={108886},
  year={2020},
  publisher={Elsevier}
}

@article{zhang2020motor,
  title={Motor imagery classification via temporal attention cues of graph embedded EEG signals},
  author={Zhang, Dalin and Chen, Kaixuan and Jian, Debao and Yao, Lina},
  journal={IEEE journal of biomedical and health informatics},
  volume={24},
  number={9},
  pages={2570--2579},
  year={2020},
  publisher={IEEE}
}

@inproceedings{selvaraju2017grad,
  title={Grad-cam: Visual explanations from deep networks via gradient-based localization},
  author={Selvaraju, Ramprasaath R and Cogswell, Michael and Das, Abhishek and Vedantam, Ramakrishna and Parikh, Devi and Batra, Dhruv},
  booktitle={Proceedings of the IEEE international conference on computer vision},
  pages={618--626},
  year={2017}
}

@article{rahate2022multimodal,
  title={Multimodal co-learning: challenges, applications with datasets, recent advances and future directions},
  author={Rahate, Anil and Walambe, Rahee and Ramanna, Sheela and Kotecha, Ketan},
  journal={Information Fusion},
  volume={81},
  pages={203--239},
  year={2022},
  publisher={Elsevier}
}

@inproceedings{chattopadhay2018grad,
  title={Grad-cam++: Generalized gradient-based visual explanations for deep convolutional networks},
  author={Chattopadhay, Aditya and Sarkar, Anirban and Howlader, Prantik and Balasubramanian, Vineeth N},
  booktitle={2018 IEEE winter conference on applications of computer vision (WACV)},
  pages={839--847},
  year={2018},
  organization={IEEE}
}


@inproceedings{prakash2022towards,
  title={Towards more realistic simulated datasets for benchmarking deep learning models in regulatory genomics},
  author={Prakash, Eva I and Shrikumar, Avanti and Kundaje, Anshul},
  booktitle={Machine Learning in Computational Biology},
  pages={58--77},
  organization={PMLR}
}


@article{jiang2021layercam,
  title={Layercam: Exploring hierarchical class activation maps for localization},
  author={Jiang, Peng-Tao and Zhang, Chang-Bin and Hou, Qibin and Cheng, Ming-Ming and Wei, Yunchao},
  journal={IEEE Transactions on Image Processing},
  volume={30},
  pages={5875--5888},
  year={2021},
  publisher={IEEE}
}

@inproceedings{shrikumar2017learning,
  title={Learning important features through propagating activation differences},
  author={Shrikumar, Avanti and Greenside, Peyton and Kundaje, Anshul},
  booktitle={International conference on machine learning},
  pages={3145--3153},
  year={2017},
  organization={PMLR}
}

@inproceedings{molnar2020interpretable,
  title={Interpretable machine learning--a brief history, state-of-the-art and challenges},
  author={Molnar, Christoph and Casalicchio, Giuseppe and Bischl, Bernd},
  booktitle={Joint European conference on machine learning and knowledge discovery in databases},
  pages={417--431},
  year={2020},
  organization={Springer}
}

@article{ravaioli2023framework,
  title={A Framework for Data-Driven Agent-Based Modelling of Agricultural Land Use},
  author={Ravaioli, Giacomo and Domingos, Tiago and Teixeira, Ricardo FM},
  journal={Land},
  volume={12},
  number={4},
  pages={756},
  year={2023},
  publisher={MDPI}
}

@inproceedings{speith2022review,
  title={A review of taxonomies of explainable artificial intelligence (XAI) methods},
  author={Speith, Timo},
  booktitle={2022 ACM Conference on Fairness, Accountability, and Transparency},
  pages={2239--2250},
  year={2022}
}

@inproceedings{wang2019motor,
  title={Motor imagination EEG recognition algorithm based on DWT, CSP and extreme learning machine},
  author={Wang, Kang and Zhai, Di-Hua and Xia, Yuanqing},
  booktitle={2019 Chinese control conference (CCC)},
  pages={4590--4595},
  year={2019},
  organization={IEEE}
}

@article{lee2019application,
  title={Application of continuous wavelet transform and convolutional neural network in decoding motor imagery brain-computer interface},
  author={Lee, Hyeon Kyu and Choi, Young-Seok},
  journal={Entropy},
  volume={21},
  number={12},
  pages={1199},
  year={2019},
  publisher={MDPI}
}

@article{tayeb2019validating,
  title={Validating deep neural networks for online decoding of motor imagery movements from EEG signals},
  author={Tayeb, Zied and Fedjaev, Juri and Ghaboosi, Nejla and Richter, Christoph and Everding, Lukas and Qu, Xingwei and Wu, Yingyu and Cheng, Gordon and Conradt, J{\"o}rg},
  journal={Sensors},
  volume={19},
  number={1},
  pages={210},
  year={2019},
  publisher={MDPI}
}

@article{ortiz2019new,
  title={A new approach for motor imagery classification based on sorted blind source separation, continuous wavelet transform, and convolutional neural network},
  author={Ortiz-Echeverri, C{\'e}sar J and Salazar-Colores, Sebasti{\'a}n and Rodr{\'\i}guez-Res{\'e}ndiz, Juvenal and G{\'o}mez-Loenzo, Roberto A},
  journal={Sensors},
  volume={19},
  number={20},
  pages={4541},
  year={2019},
  publisher={MDPI}
}

@article{dose2018end,
  title={An end-to-end deep learning approach to MI-EEG signal classification for BCIs},
  author={Dose, Hauke and M{\o}ller, Jakob S and Iversen, Helle K and Puthusserypady, Sadasivan},
  journal={Expert Systems with Applications},
  volume={114},
  pages={532--542},
  year={2018},
  publisher={Elsevier}
}

@article{amin2019deep,
  title={Deep Learning for EEG motor imagery classification based on multi-layer CNNs feature fusion},
  author={Amin, Syed Umar and Alsulaiman, Mansour and Muhammad, Ghulam and Mekhtiche, Mohamed Amine and Hossain, M Shamim},
  journal={Future Generation computer systems},
  volume={101},
  pages={542--554},
  year={2019},
  publisher={Elsevier}
}

@article{ma2023double,
  title={A double-branch graph convolutional network based on individual differences weakening for motor imagery EEG classification},
  author={Ma, Weifeng and Wang, Chuanlai and Sun, Xiaoyong and Lin, Xuefen and Wang, Yuchen},
  journal={Biomedical Signal Processing and Control},
  volume={84},
  pages={104684},
  year={2023},
  publisher={Elsevier}
}

@article{wei2023sub,
  title={Sub-Band Cascaded CSP-based Deep Transfer Learning for Cross-Subject Lower Limb Motor Imagery Classification},
  author={Wei, Mingnan and Yang, Rui and Huang, Mengjie and Ni, Jiaying and Wang, Zidong and Liu, Xiaohui},
  journal={IEEE Transactions on Cognitive and Developmental Systems},
  year={2023},
  publisher={IEEE}
}

@article{carrara2023classification,
  title={Classification of BCI-EEG based on augmented covariance matrix},
  author={Carrara, Igor and Papadopoulo, Th{\'e}odore},
  journal={arXiv preprint arXiv:2302.04508},
  year={2023}
}

@article{vidaurre2023novel,
  title={Novel multivariate methods to track frequency shifts of neural oscillations in EEG/MEG recordings},
  author={Vidaurre, C and Gurunandan, K and Idaji, M Jamshidi and Nolte, G and G{\'o}mez, M and Villringer, Arno and M{\"u}ller, K-R and Nikulin, Vadim V},
  journal={NeuroImage},
  volume={276},
  pages={120178},
  year={2023},
  publisher={Elsevier}
}

@article{zhang2021eeg,
  title={EEG-inception: an accurate and robust end-to-end neural network for EEG-based motor imagery classification},
  author={Zhang, Ce and Kim, Young-Keun and Eskandarian, Azim},
  journal={Journal of Neural Engineering},
  volume={18},
  number={4},
  pages={046014},
  year={2021},
  publisher={IOP Publishing}
}

@article{collazos2023posthoc,
  title={Posthoc Interpretability of Neural Responses by Grouping Subject Motor Imagery Skills Using CNN-Based Connectivity},
  author={Collazos-Huertas, Diego Fabian and {\'A}lvarez-Meza, Andr{\'e}s Marino and C{\'a}rdenas-Pe{\~n}a, David Augusto and Casta{\~n}o-Duque, Germ{\'a}n Albeiro and Castellanos-Dom{\'\i}nguez, C{\'e}sar Germ{\'a}n},
  journal={Sensors},
  volume={23},
  number={5},
  pages={2750},
  year={2023},
  publisher={MDPI}
}
@article{ladda2021using,
  title={Using motor imagery practice for improving motor performance--a review},
  author={Ladda, Aija Marie and Lebon, Florent and Lotze, Martin},
  journal={Brain and cognition},
  volume={150},
  pages={105705},
  year={2021},
  publisher={Elsevier}
}
@article{leeuwis2021functional,
  title={Functional connectivity analysis in motor-imagery brain computer interfaces},
  author={Leeuwis, Nikki and Yoon, Sue and Alimardani, Maryam},
  journal={Frontiers in Human Neuroscience},
  volume={15},
  pages={732946},
  year={2021},
  publisher={Frontiers}
}
@article{vsverko2022complex,
  title={Complex Pearson correlation coefficient for EEG connectivity analysis},
  author={{\v{S}}verko, Zoran and Vranki{\'c}, Miroslav and Vlahini{\'c}, Sa{\v{s}}a and Rogelj, Peter},
  journal={Sensors},
  volume={22},
  number={4},
  pages={1477},
  year={2022},
  publisher={MDPI}
}
@article{qiao2023eeg,
  title={EEG cortical network reveals the temporo-spatial mechanism of visual search},
  author={Qiao, Rui and Zhang, Haiyong and Tian, Yin},
  journal={Brain Research Bulletin},
  volume={203},
  pages={110758},
  year={2023},
  publisher={Elsevier}
}
@article{epmoghaddam2022epileptic,
  title={Epileptic seizure prediction using spectral width of the covariance matrix},
  author={EPMoghaddam, Dorsa and Sheth, Sameer A and Haneef, Zulfi and Gavvala, Jay and Aazhang, Behnaam},
  journal={Journal of Neural Engineering},
  volume={19},
  number={2},
  pages={026029},
  year={2022},
  publisher={IOP Publishing}
}
@article{miljevic2022electroencephalographic,
  title={Electroencephalographic connectivity: a fundamental guide and checklist for optimal study design and evaluation},
  author={Miljevic, Aleksandra and Bailey, Neil W and Vila-Rodriguez, Fidel and Herring, Sally E and Fitzgerald, Paul B},
  journal={Biological Psychiatry: Cognitive Neuroscience and Neuroimaging},
  volume={7},
  number={6},
  pages={546--554},
  year={2022},
  publisher={Elsevier}
}
@article{chiarion2023connectivity,
  title={Connectivity Analysis in EEG Data: A Tutorial Review of the State of the Art and Emerging Trends},
  author={Chiarion, Giovanni and Sparacino, Laura and Antonacci, Yuri and Faes, Luca and Mesin, Luca},
  journal={Bioengineering},
  volume={10},
  number={3},
  pages={372},
  year={2023},
  publisher={MDPI}
}
@inproceedings{Alvarez-Meza2014,
  title={Unsupervised kernel function building using maximization of information potential variability},
 author={{\'A}lvarez-Meza, A and C{\'a}rdenas-Pe{\~n}a, D and Castellanos-Dominguez, G},
  booktitle={Iberoamerican Congress on Pattern Recognition},
  pages={335--342},
  year={2014},
  organization={Springer}
}
@article{tibrewal2022classification,
  title={Classification of motor imagery EEG using deep learning increases performance in inefficient BCI users},
  author={Tibrewal, Navneet and Leeuwis, Nikki and Alimardani, Maryam},
  journal={Plos one},
  volume={17},
  number={7},
  pages={e0268880},
  year={2022},
  publisher={Public Library of Science San Francisco, CA USA}
}
@article{collazos2021deep,
  title={Deep and wide transfer learning with kernel matching for pooling data from electroencephalography and psychological questionnaires},
  author={Collazos-Huertas, Diego Fabian and Velasquez-Martinez, Luisa Fernanda and Perez-Nastar, Hernan Dario and Alvarez-Meza, Andres Marino and Castellanos-Dominguez, German},
  journal={Sensors},
  volume={21},
  number={15},
  pages={5105},
  year={2021},
  publisher={MDPI}
}
@article{bakhshali2020eeg,
  title={EEG signal classification of imagined speech based on Riemannian distance of correntropy spectral density},
  author={Bakhshali, M and Khademi, M and Ebrahimi, A  and Moghimi, S},
  journal={Biomedical Signal Processing and Control},
  volume={59},
  pages={101899},
  year={2020},
  publisher={Elsevier}
}


@article{wang2019stable,
  title={Stable EEG Biometrics Using Convolutional Neural Networks and Functional Connectivity.},
  author={Wang, Min and Hu, Jiankun and Abbass, Hussein A},
  journal={Aust. J. Intell. Inf. Process. Syst.},
  volume={15},
  number={3},
  pages={19--26},
  year={2019}
}

@article{alvarez2017kernel,
  title={Kernel-based relevance analysis with enhanced interpretability for detection of brain activity patterns},
  author={Alvarez-Meza, A and Orozco-Gutierrez, A and Castellanos-Dominguez, G},
  journal={Frontiers in neuroscience},
  volume={11},
  pages={550},
  year={2017},
  publisher={Frontiers}
}
@article{brockmeier2014neural,
  title={Neural decoding with kernel-based metric learning},
  author={Brockmeier, A  and Choi, J  and Kriminger, E  and Francis, J  and Principe, J},
  journal={Neural computation},
  volume={26},
  number={6},
  pages={1080--1107},
  year={2014},
  publisher={MIT Press}
}
@inproceedings{ang2008filter,
  title={Filter bank common spatial pattern (FBCSP) in brain-computer interface},
  author={Ang, Kai Keng and Chin, Zheng Yang and Zhang, Haihong and Guan, Cuntai},
  booktitle={2008 IEEE international joint conference on neural networks (IEEE world congress on computational intelligence)},
  pages={2390--2397},
  year={2008},
  organization={IEEE}
}
@article{van2008visualizing,
  title={Visualizing data using t-SNE.},
  author={Van der Maaten, Laurens and Hinton, Geoffrey},
  journal={Journal of machine learning research},
  volume={9},
  number={11},
  year={2008}
}
@inproceedings{gu2020random,
  title={Random matrix theory for analysing the brain functional network in lower limb motor imagery},
  author={Gu, Lingyun and Yu, Zhenhua and Ma, Tian and Wang, Haixian and Li, Zhanli and Fan, Hui},
  booktitle={2020 42nd Annual International Conference of the IEEE Engineering in Medicine \& Biology Society (EMBC)},
  pages={506--509},
  year={2020},
  organization={IEEE}
}
@book{geron2022hands,
  title={Hands-on machine learning with Scikit-Learn, Keras, and TensorFlow},
  author={G{\'e}ron, Aur{\'e}lien},
  year={2022},
  publisher={" O'Reilly Media, Inc."}
}
@article{warrens2015five,
  title={Five ways to look at Cohen's kappa},
  author={Warrens, Matthijs J},
  journal={Journal of Psychology \& Psychotherapy},
  volume={5},
  number={4},
  pages={1},
  year={2015},
  publisher={OMICS Publishing Group}
}
@incollection{ABHANG201651,
title = {Chapter 3 - Technical Aspects of Brain Rhythms and Speech Parameters},
editor = {Priyanka A. Abhang and Bharti W. Gawali and Suresh C. Mehrotra},
booktitle = {Introduction to EEG- and Speech-Based Emotion Recognition},
publisher = {Academic Press},
pages = {51-79},
year = {2016},
isbn = {978-0-12-804490-2},
doi = {https://doi.org/10.1016/B978-0-12-804490-2.00003-8},
url = {https://www.sciencedirect.com/science/article/pii/B9780128044902000038},
author = {Priyanka A. Abhang and Bharti W. Gawali and Suresh C. Mehrotra},
keywords = {Alpha, Beta, Delta, Energy, Gamma, Intensity, Pitch, Prosodic features, Theta},
}
@article{lawhern2018eegnet,
  title={EEGNet: a compact convolutional neural network for EEG-based brain--computer interfaces},
  author={Lawhern, Vernon J and Solon, Amelia J and Waytowich, Nicholas R and Gordon, Stephen M and Hung, Chou P and Lance, Brent J},
  journal={Journal of neural engineering},
  volume={15},
  number={5},
  pages={056013},
  year={2018},
  publisher={IOP Publishing}
}
@article{zhang2021dive,
  title={Dive into deep learning},
  author={Zhang, Aston and Lipton, Zachary C and Li, Mu and Smola, Alexander J},
  journal={arXiv preprint arXiv:2106.11342},
  year={2021}
}
@article{FU2020,
title = {Improvement motor imagery EEG classification based on sparse common spatial pattern and regularized discriminant analysis},
journal = {Journal of Neuroscience Methods},
volume = {343},
pages = {108833},
year = {2020},
author = {Rongrong, F and Mengmeng, H and Yongsheng, T and Peiming, S}
}
@inproceedings{cohen1998generalization,
  title={The generalization of the Wiener-Khinchin theorem},
  author={Cohen, Leon},
  booktitle={Proceedings of the 1998 IEEE International Conference on Acoustics, Speech and Signal Processing, ICASSP'98 (Cat. No. 98CH36181)},
  volume={3},
  pages={1577--1580},
  year={1998},
  organization={IEEE}
}
@inproceedings{kumar2018eeg,
  title={EEG based motor imagery classification using instantaneous phase difference sequence},
  author={Kumar, S and Reddy, T and Behera, L},
  booktitle={2018 IEEE International Conference on Systems, Man, and Cybernetics (SMC)},
  pages={499--504},
  year={2018},
  organization={IEEE}
}
@article{lotte2018review,
  title={A review of classification algorithms for EEG-based brain--computer interfaces: a 10 year update},
  author={Lotte, F and Bougrain, L and Cichocki, A and Clerc, M and Congedo, M and Rakotomamonjy, A and Yger, F},
  journal={Journal of neural engineering},
  volume={15},
  number={3},
  pages={031005},
  year={2018},
  publisher={IOP Publishing}
}
@article{shamsi2020early,
	title={Early classification of motor tasks using dynamic functional connectivity graphs from EEG},
	author={Shamsi, F and Haddad, A and Najafizadeh, L},
	journal={Journal of Neural Engineering},
	year={2020},
	publisher={IOP Publishing}
}
@article{Sanelli2019,
  title={A large scale screening study with a SMR-based BCI: Categorization of BCI users and differences in their SMR activity},
  author={Sannelli, C and Vidaurre, C and M{\"u}ller, K and Blankertz, B},
  journal={PLoS One},
  volume={14},
  number={1},
  pages={e0207351},
  year={2019},
  publisher={Public Library of Science San Francisco, CA USA}
}
@article{georgiadis2019connectivity,
  title={Connectivity steered graph Fourier transform for motor imagery BCI decoding},
  author={Georgiadis, K and Laskaris, N and Nikolopoulos, S and Kompatsiaris, I},
  journal={Journal of neural engineering},
  volume={16},
  number={5},
  pages={056021},
  year={2019},
  publisher={IOP Publishing}
}
@article{linderman2019clustering,
  title={Clustering with t-SNE, provably},
  author={Linderman, G and Steinerberger, S},
  journal={SIAM Journal on Mathematics of Data Science},
  volume={1},
  number={2},
  pages={313--332},
  year={2019},
  publisher={SIAM}
}
@inproceedings{Kim2019,
  title={Reduced Burden of Individual Calibration Process in Brain-Computer Interface by Clustering the Subjects based on Brain Activation},
  author={Kim, Y  and Lee, S and Kim, H and Lee, S and Lee, S and Kim, D},
  booktitle={2019 IEEE International Conference on Systems, Man and Cybernetics (SMC)},
  pages={2139--2143},
  year={2019},
  organization={IEEE}
}
@article{Gaur2021,
  title={A Sliding Window Common Spatial Pattern for Enhancing Motor Imagery Classification in EEG-BCI},
  author={Gaur, P and Gupta, H and Chowdhury, A and McCreadie, K and Pachori, R and Wang, H},
  journal={IEEE Transactions on Instrumentation and Measurement},
  volume={70},
  pages={1--9},
  year={2021},
  publisher={IEEE}
}
@ARTICLE{Velasquez-Martinez2020,
author={Velasquez-Martinez, L and Zapata-Castano, F and Castellanos-Dominguez, G},
TITLE={Dynamic Modeling of Common Brain Neural Activity in Motor Imagery Tasks}, 
JOURNAL={Frontiers in Neuroscience}, 
VOLUME={14}, 
PAGES={714}, 
YEAR={2020}
}
@book{wackernagel2003multivariate,
  title={Multivariate geostatistics: an introduction with applications},
  author={Wackernagel, Hans},
  year={2003},
  publisher={Springer Science \& Business Media}
}
@inproceedings{alvarez2014unsupervised,
  title={Unsupervised kernel function building using maximization of information potential variability},
  author={{\'A}lvarez-Meza, Andr{\'e}s Marino and C{\'a}rdenas-Pena, David and Castellanos-Dominguez, Germ{\'a}n},
  booktitle={Iberoamerican Congress on Pattern Recognition},
  pages={335--342},
  year={2014},
  organization={Springer}
}
@article{bromiley2004shannon,
  title={Shannon Entropy, Renyi Entropy, and Information; Statistics and Inf},
  author={Bromiley, P and Thacker, N and Bouhova-Thacker, E},
  journal={Series (2004-004)},
  year={2004}
}
@article{grigorev2021bci,
  title={A bci-based vibrotactile neurofeedback training improves motor cortical excitability during motor imagery},
  author={Grigorev, Nikita A and Savosenkov, Andrey O and Lukoyanov, Maksim V and Udoratina, Anna and Shusharina, Natalia N and Kaplan, Alexander Ya and Hramov, Alexander E and Kazantsev, Victor B and Gordleeva, Susanna},
  journal={IEEE Transactions on Neural Systems and Rehabilitation Engineering},
  volume={29},
  pages={1583--1592},
  year={2021},
  publisher={IEEE}
}
@article{guillot2019benefits,
  title={Benefits of motor imagery for human space flight: a brief review of current knowledge and future applications},
  author={Guillot, Aymeric and Debarnot, Ursula},
  journal={Frontiers in Physiology},
  volume={10},
  pages={396},
  year={2019},
  publisher={Frontiers Media SA}
}
@article{ras2018explanation,
  title={Explanation methods in deep learning: Users, values, concerns and challenges},
  author={Ras, Gabri{\"e}lle and van Gerven, Marcel and Haselager, Pim},
  journal={Explainable and interpretable models in computer vision and machine learning},
  pages={19--36},
  year={2018},
  publisher={Springer}
}
@article{miotto2018deep,
  title={Deep learning for healthcare: review, opportunities and challenges},
  author={Miotto, Riccardo and Wang, Fei and Wang, Shuang and Jiang, Xiaoqian and Dudley, Joel T},
  journal={Briefings in bioinformatics},
  volume={19},
  number={6},
  pages={1236--1246},
  year={2018},
  publisher={Oxford University Press}
}
@inproceedings{zeiler2014visualizing,
  title={Visualizing and understanding convolutional networks},
  author={Zeiler, Matthew D and Fergus, Rob},
  booktitle={Computer Vision--ECCV 2014: 13th European Conference, Zurich, Switzerland, September 6-12, 2014, Proceedings, Part I 13},
  pages={818--833},
  year={2014},
  organization={Springer}
}

@inproceedings{chakraborty2017interpretability,
  title={Interpretability of deep learning models: A survey of results},
  author={Chakraborty, Supriyo and Tomsett, Richard and Raghavendra, Ramya and Harborne, Daniel and Alzantot, Moustafa and Cerutti, Federico and Srivastava, Mani and Preece, Alun and Julier, Simon and Rao, Raghuveer M and others},
  booktitle={2017 IEEE smartworld, ubiquitous intelligence \& computing, advanced \& trusted computed, scalable computing \& communications, cloud \& big data computing, Internet of people and smart city innovation (smartworld/SCALCOM/UIC/ATC/CBDcom/IOP/SCI)},
  pages={1--6},
  year={2017},
  organization={IEEE}
}
@article{xiao2018opportunities,
  title={Opportunities and challenges in developing deep learning models using electronic health records data: a systematic review},
  author={Xiao, Cao and Choi, Edward and Sun, Jimeng},
  journal={Journal of the American Medical Informatics Association},
  volume={25},
  number={10},
  pages={1419--1428},
  year={2018},
  publisher={Oxford University Press}
}
@article{fan2021interpretability,
  title={On interpretability of artificial neural networks: A survey},
  author={Fan, Feng-Lei and Xiong, Jinjun and Li, Mengzhou and Wang, Ge},
  journal={IEEE Transactions on Radiation and Plasma Medical Sciences},
  volume={5},
  number={6},
  pages={741--760},
  year={2021},
  publisher={IEEE}
}
@article{zuk2020eeg,
  title={EEG-based classification of natural sounds reveals specialized responses to speech and music},
  author={Zuk, Nathaniel J and Teoh, Emily S and Lalor, Edmund C},
  journal={NeuroImage},
  volume={210},
  pages={116558},
  year={2020},
  publisher={Elsevier}
}
@article{qian2018brain,
  title={Brain-computer-interface-based intervention re-normalizes brain functional network topology in children with attention deficit/hyperactivity disorder},
  author={Qian, Xing and Loo, Beatrice Rui Yi and Castellanos, Francisco Xavier and Liu, Siwei and Koh, Hui Li and Poh, Xue Wei Wendy and Krishnan, Ranga and Fung, Daniel and Chee, Michael WL and Guan, Cuntai and others},
  journal={Translational psychiatry},
  volume={8},
  number={1},
  pages={149},
  year={2018},
  publisher={Nature Publishing Group UK London}
}
@article{smuha2019eu,
  title={The EU approach to ethics guidelines for trustworthy artificial intelligence},
  author={Smuha, Nathalie A},
  journal={Computer Law Review International},
  volume={20},
  number={4},
  pages={97--106},
  year={2019},
  publisher={Verlag Dr. Otto Schmidt}
}
@article{arrieta2020explainable,
  title={Explainable Artificial Intelligence (XAI): Concepts, taxonomies, opportunities and challenges toward responsible AI},
  author={Arrieta, Alejandro Barredo and D{\'\i}az-Rodr{\'\i}guez, Natalia and Del Ser, Javier and Bennetot, Adrien and Tabik, Siham and Barbado, Alberto and Garc{\'\i}a, Salvador and Gil-L{\'o}pez, Sergio and Molina, Daniel and Benjamins, Richard and others},
  journal={Information fusion},
  volume={58},
  pages={82--115},
  year={2020},
  publisher={Elsevier}
}
@article{tjoa2020survey,
  title={A survey on explainable artificial intelligence (xai): Toward medical xai},
  author={Tjoa, Erico and Guan, Cuntai},
  journal={IEEE transactions on neural networks and learning systems},
  volume={32},
  number={11},
  pages={4793--4813},
  year={2020},
  publisher={IEEE}
}

@article{chaddad2023survey,
  title={Survey of explainable AI techniques in healthcare},
  author={Chaddad, Ahmad and Peng, Jihao and Xu, Jian and Bouridane, Ahmed},
  journal={Sensors},
  volume={23},
  number={2},
  pages={634},
  year={2023},
  publisher={MDPI}
}


@article{rashed2021deep,
  title={A deep convolutional neural network method to detect seizures and characteristic frequencies using epileptic electroencephalogram (EEG) data},
  author={Rashed-Al-Mahfuz, Md and Moni, Mohammad Ali and Uddin, Shahadat and Alyami, Salem A and Summers, Matthew A and Eapen, Valsamma},
  journal={IEEE journal of translational engineering in health and medicine},
  volume={9},
  pages={1--12},
  year={2021},
  publisher={IEEE}
}

@article{vaquerizo2023explainable,
  title={An explainable deep-learning model to stage sleep states in children and propose novel EEG-related patterns in sleep apnea},
  author={Vaquerizo-Villar, Fernando and Guti{\'e}rrez-Tobal, Gonzalo C and Calvo, Eva and {\'A}lvarez, Daniel and Kheirandish-Gozal, Leila and Del Campo, F{\'e}lix and Gozal, David and Hornero, Roberto},
  journal={Computers in Biology and Medicine},
  volume={165},
  pages={107419},
  year={2023},
  publisher={Elsevier}
}

@inproceedings{nguyen2021evaluation,
  title={Evaluation of explainable artificial intelligence: Shap, lime, and cam},
  author={Nguyen, Hung Truong Thanh and Cao, Hung Quoc and Nguyen, Khang Vo Thanh and Pham, Nguyen Dinh Khoi},
  booktitle={Proceedings of the FPT AI Conference},
  pages={1--6},
  year={2021}
}


@article{wu2018faithful,
  title={Faithful multimodal explanation for visual question answering},
  author={Wu, Jialin and Mooney, Raymond J},
  journal={arXiv preprint arXiv:1809.02805},
  year={2018}
}


@inproceedings{nunnari2021overlap,
  title={On the overlap between grad-cam saliency maps and explainable visual features in skin cancer images},
  author={Nunnari, Fabrizio and Kadir, Md Abdul and Sonntag, Daniel},
  booktitle={International Cross-Domain Conference for Machine Learning and Knowledge Extraction},
  pages={241--253},
  year={2021},
  organization={Springer}
}


@article{sujatha2023empirical,
  title={An empirical comparison of deep learning explainability approaches for EEG using simulated ground truth},
  author={Sujatha Ravindran, Akshay and Contreras-Vidal, Jose},
  journal={Scientific Reports},
  volume={13},
  number={1},
  pages={17709},
  year={2023},
  publisher={Nature Publishing Group UK London}
}

@article{bramhall2020qlime,
  title={Qlime-a quadratic local interpretable model-agnostic explanation approach},
  author={Bramhall, Steven and Horn, Hayley and Tieu, Michael and Lohia, Nibhrat},
  journal={SMU Data Science Review},
  volume={3},
  number={1},
  pages={4},
  year={2020}
}

@article{tjoa2022evaluating,
  title={Evaluating Weakly Supervised Object Localization Methods Right? A Study on Heatmap-Based Xai and Neural Backed Decision Tree},
  author={Tjoa, Erico and Guan, Cuntai},
  journal={A Study on Heatmap-Based Xai and Neural Backed Decision Tree (November 27, 2022)},
  year={2022}
}


@article{le2021machine,
  title={Machine learning-based radiomics signatures for EGFR and KRAS mutations prediction in non-small-cell lung cancer},
  author={Le, Nguyen Quoc Khanh and Kha, Quang Hien and Nguyen, Van Hiep and Chen, Yung-Chieh and Cheng, Sho-Jen and Chen, Cheng-Yu},
  journal={International journal of molecular sciences},
  volume={22},
  number={17},
  pages={9254},
  year={2021},
  publisher={MDPI}
}


@article{apicella2022toward,
  title={Toward the application of XAI methods in EEG-based systems},
  author={Apicella, Andrea and Isgr{\`o}, Francesco and Pollastro, Andrea and Prevete, Roberto},
  journal={arXiv preprint arXiv:2210.06554},
  year={2022}
}

@inproceedings{lin2021you,
  title={What do you see? Evaluation of explainable artificial intelligence (XAI) interpretability through neural backdoors},
  author={Lin, Yi-Shan and Lee, Wen-Chuan and Celik, Z Berkay},
  booktitle={Proceedings of the 27th ACM SIGKDD Conference on Knowledge Discovery \& Data Mining},
  pages={1027--1035},
  year={2021}
}

@article{huang2022graphlime,
  title={Graphlime: Local interpretable model explanations for graph neural networks},
  author={Huang, Qiang and Yamada, Makoto and Tian, Yuan and Singh, Dinesh and Chang, Yi},
  journal={IEEE Transactions on Knowledge and Data Engineering},
  year={2022},
  publisher={IEEE}
}

@article{haghanifar2022covid,
  title={Covid-cxnet: Detecting covid-19 in frontal chest x-ray images using deep learning},
  author={Haghanifar, Arman and Majdabadi, Mahdiyar Molahasani and Choi, Younhee and Deivalakshmi, S and Ko, Seokbum},
  journal={Multimedia Tools and Applications},
  volume={81},
  number={21},
  pages={30615--30645},
  year={2022},
  publisher={Springer}
}

@article{springenberg2014striving,
  title={Striving for simplicity: The all convolutional net},
  author={Springenberg, Jost Tobias and Dosovitskiy, Alexey and Brox, Thomas and Riedmiller, Martin},
  journal={arXiv preprint arXiv:1412.6806},
  year={2014}
}


@article{simonyan2013deep,
  title={Deep inside convolutional networks: Visualising image classification models and saliency maps},
  author={Simonyan, Karen and Vedaldi, Andrea and Zisserman, Andrew},
  journal={arXiv preprint arXiv:1312.6034},
  year={2013}
}

@article{gonzalez2021network,
  title={Network-based brain--computer interfaces: principles and applications},
  author={Gonzalez-Astudillo, Juliana and Cattai, Tiziana and Bassignana, Giulia and Corsi, Marie-Constance and Fallani, Fabrizio De Vico},
  journal={Journal of neural engineering},
  volume={18},
  number={1},
  pages={011001},
  year={2021},
  publisher={IOP Publishing}
}

@article{jin2021novel,
  title={A novel classification framework using the graph representations of electroencephalogram for motor imagery based brain-computer interface},
  author={Jin, Jing and Sun, Hao and Daly, Ian and Li, Shurui and Liu, Chang and Wang, Xingyu and Cichocki, Andrzej},
  journal={IEEE Transactions on Neural Systems and Rehabilitation Engineering},
  volume={30},
  pages={20--29},
  year={2021},
  publisher={IEEE}
}

@article{siviero2023functional,
  title={Functional Connectivity and Feature Fusion Enhance Multiclass Motor-Imagery Brain--Computer Interface Performance},
  author={Siviero, Ilaria and Menegaz, Gloria and Storti, Silvia Francesca},
  journal={Sensors},
  volume={23},
  number={17},
  pages={7520},
  year={2023},
  publisher={MDPI}
}

@article{cao2022effective,
  title={An effective fusing approach by combining connectivity network pattern and temporal-spatial analysis for EEG-based BCI rehabilitation},
  author={Cao, Lei and Wang, Wenrong and Huang, Chenxi and Xu, Zhixiong and Wang, Han and Jia, Jie and Chen, Shugeng and Dong, Yilin and Fan, Chunjiang and de Albuquerque, Victor Hugo C},
  journal={IEEE Transactions on Neural Systems and Rehabilitation Engineering},
  volume={30},
  pages={2264--2274},
  year={2022},
  publisher={IEEE}
}

@article{cattai2021phase,
  title={Phase/amplitude synchronization of brain signals during motor imagery BCI tasks},
  author={Cattai, Tiziana and Colonnese, Stefania and Corsi, Marie-Constance and Bassett, Danielle S and Scarano, Gaetano and Fallani, Fabrizio De Vico},
  journal={IEEE Transactions on Neural Systems and Rehabilitation Engineering},
  volume={29},
  pages={1168--1177},
  year={2021},
  publisher={IEEE}
}

@article{belwafi2020effective,
  title={An effective zeros-time windowing strategy to detect sensorimotor rhythms related to motor imagery EEG signals},
  author={Belwafi, Kais and Gannouni, Sofien and Aboalsamh, Hatim},
  journal={IEEE Access},
  volume={8},
  pages={152669--152679},
  year={2020},
  publisher={IEEE}
}

@article{zapala2020effects,
  title={The effects of handedness on sensorimotor rhythm desynchronization and motor-imagery BCI control},
  author={Zapa{\l}a, Dariusz and Zabielska-Mendyk, Emilia and Augustynowicz, Pawe{\l} and Cudo, Andrzej and Ja{\'s}kiewicz, Marta and Szewczyk, Marta and Kopi{\'s}, Natalia and Francuz, Piotr},
  journal={Scientific reports},
  volume={10},
  number={1},
  pages={2087},
  year={2020},
  publisher={Nature Publishing Group UK London}
}

@article{brusini2021systematic,
  title={A systematic review on motor-imagery brain-connectivity-based computer interfaces},
  author={Brusini, Lorenza and Stival, Francesca and Setti, Francesco and Menegatti, Emanuele and Menegaz, Gloria and Storti, Silvia Francesca},
  journal={IEEE Transactions on Human-Machine Systems},
  volume={51},
  number={6},
  pages={725--733},
  year={2021},
  publisher={IEEE}
}

@article{luo2020motor,
  title={Motor imagery EEG classification based on ensemble support vector learning},
  author={Luo, Jing and Gao, Xing and Zhu, Xiaobei and Wang, Bin and Lu, Na and Wang, Jie},
  journal={Computer methods and programs in biomedicine},
  volume={193},
  pages={105464},
  year={2020},
  publisher={Elsevier}
}


@article{yang2021multi,
  title={Multi-time and multi-band CSP motor imagery EEG feature classification algorithm},
  author={Yang, Jun and Ma, Zhengmin and Shen, Tao},
  journal={Applied Sciences},
  volume={11},
  number={21},
  pages={10294},
  year={2021},
  publisher={MDPI}
}

@article{gaur2021sliding,
  title={A sliding window common spatial pattern for enhancing motor imagery classification in EEG-BCI},
  author={Gaur, Pramod and Gupta, Harsh and Chowdhury, Anirban and McCreadie, Karl and Pachori, Ram Bilas and Wang, Hui},
  journal={IEEE Transactions on Instrumentation and Measurement},
  volume={70},
  pages={1--9},
  year={2021},
  publisher={IEEE}
}

@article{darvish2021correlation,
  title={Correlation-based common spatial pattern (CCSP): A novel extension of CSP for classification of motor imagery signal},
  author={Darvish Ghanbar, Khatereh and Yousefi Rezaii, Tohid and Farzamnia, Ali and Saad, Ismail},
  journal={Plos one},
  volume={16},
  number={3},
  pages={e0248511},
  year={2021},
  publisher={Public Library of Science San Francisco, CA USA}
}

@article{sisti2022brief,
  title={A brief review of motor imagery and bimanual coordination},
  author={Sisti, Helene M and Beebe, Annika and Bishop, Mercedes and Gabrielsson, Elias},
  journal={Frontiers in Human Neuroscience},
  volume={16},
  pages={1037410},
  year={2022},
  publisher={Frontiers}
}

@article{grana2023review,
  title={A review of Graph Neural Networks for Electroencephalography data analysis},
  author={Gra{\~n}a, Manuel and Morais-Quilez, Igone},
  journal={Neurocomputing},
  pages={126901},
  year={2023},
  publisher={Elsevier}
}


@article{cao2022brain,
  title={Brain functional and effective connectivity based on electroencephalography recordings: A review},
  author={Cao, Jun and Zhao, Yifan and Shan, Xiaocai and Wei, Hua-liang and Guo, Yuzhu and Chen, Liangyu and Erkoyuncu, John Ahmet and Sarrigiannis, Ptolemaios Georgios},
  journal={Human brain mapping},
  volume={43},
  number={2},
  pages={860--879},
  year={2022},
  publisher={Wiley Online Library}
}



@article{tafreshi2019functional,
  title={Functional and effective connectivity based features of EEG signals for object recognition},
  author={Tafreshi, Taban Fami and Daliri, Mohammad Reza and Ghodousi, Mahrad},
  journal={Cognitive neurodynamics},
  volume={13},
  pages={555--566},
  year={2019},
  publisher={Springer}
}


@article{van2014functional,
  title={Functional brain connectivity from EEG in epilepsy: Seizure prediction and epileptogenic focus localization},
  author={Van Mierlo, Pieter and Papadopoulou, Margarita and Carrette, Evelien and Boon, Paul and Vandenberghe, Stefaan and Vonck, Kristl and Marinazzo, Daniele},
  journal={Progress in neurobiology},
  volume={121},
  pages={19--35},
  year={2014},
  publisher={Elsevier}
}

@article{yen2023exploring,
  title={Exploring the frontiers of neuroimaging: a review of recent advances in understanding brain functioning and disorders},
  author={Yen, Chiahui and Lin, Chia-Li and Chiang, Ming-Chang},
  journal={Life},
  volume={13},
  number={7},
  pages={1472},
  year={2023},
  publisher={MDPI}
}

@article{lim2021post,
  title={Post-stroke cognitive impairment: pathophysiological insights into brain disconnectome from advanced neuroimaging analysis techniques},
  author={Lim, Jae-Sung and Lee, Jae-Joong and Woo, Choong-Wan},
  journal={Journal of Stroke},
  volume={23},
  number={3},
  pages={297--311},
  year={2021},
  publisher={Korean Stroke Society}
}

@article{bullmore2009complex,
  title={Complex brain networks: graph theoretical analysis of structural and functional systems},
  author={Bullmore, Ed and Sporns, Olaf},
  journal={Nature reviews neuroscience},
  volume={10},
  number={3},
  pages={186--198},
  year={2009},
  publisher={Nature Publishing Group UK London}
}


@article{thiebaut2020brain,
  title={Brain disconnections link structural connectivity with function and behaviour},
  author={Thiebaut de Schotten, Michel and Foulon, Chris and Nachev, Parashkev},
  journal={Nature communications},
  volume={11},
  number={1},
  pages={5094},
  year={2020},
  publisher={Nature Publishing Group UK London}
}

@article{lee2020predicting,
  title={Predicting motor imagery performance from resting-state EEG using dynamic causal modeling},
  author={Lee, Minji and Yoon, Jae-Geun and Lee, Seong-Whan},
  journal={Frontiers in human neuroscience},
  volume={14},
  pages={321},
  year={2020},
  publisher={Frontiers Media SA}
}

@article{hejazi2019prediction,
  title={Prediction of epilepsy seizure from multi-channel electroencephalogram by effective connectivity analysis using Granger causality and directed transfer function methods},
  author={Hejazi, Mona and Motie Nasrabadi, Ali},
  journal={Cognitive neurodynamics},
  volume={13},
  pages={461--473},
  year={2019},
  publisher={Springer}
}


@article{bastos2016tutorial,
  title={A tutorial review of functional connectivity analysis methods and their interpretational pitfalls},
  author={Bastos, Andr{\'e} M and Schoffelen, Jan-Mathijs},
  journal={Frontiers in systems neuroscience},
  volume={9},
  pages={175},
  year={2016},
  publisher={Frontiers Media SA}
}


@article{yang2021novel,
  title={A novel motor imagery EEG decoding method based on feature separation},
  author={Yang, Lie and Song, Yonghao and Ma, Ke and Su, Enze and Xie, Longhan},
  journal={Journal of Neural Engineering},
  volume={18},
  number={3},
  pages={036022},
  year={2021},
  publisher={IOP Publishing}
}

@article{hata2016functional,
  title={Functional connectivity assessed by resting state EEG correlates with cognitive decline of Alzheimer’s disease--An eLORETA study},
  author={Hata, Masahiro and Kazui, Hiroaki and Tanaka, Toshihisa and Ishii, Ryouhei and Canuet, Leonides and Pascual-Marqui, Roberto D and Aoki, Yasunori and Ikeda, Shunichiro and Kanemoto, Hideki and Yoshiyama, Kenji and others},
  journal={Clinical Neurophysiology},
  volume={127},
  number={2},
  pages={1269--1278},
  year={2016},
  publisher={Elsevier}
}

@article{nentwich2020functional,
  title={Functional connectivity of EEG is subject-specific, associated with phenotype, and different from fMRI},
  author={Nentwich, Maximilian and Ai, Lei and Madsen, Jens and Telesford, Qawi K and Haufe, Stefan and Milham, Michael P and Parra, Lucas C},
  journal={NeuroImage},
  volume={218},
  pages={117001},
  year={2020},
  publisher={Elsevier}
}


@article{varone2021machine,
  title={A Machine Learning Approach Involving Functional Connectivity Features to Classify Rest-EEG Psychogenic Non-Epileptic Seizures from Healthy Controls},
  author={Varone, Giuseppe and Boulila, Wadii and Lo Giudice, Michele and Benjdira, Bilel and Mammone, Nadia and Ieracitano, Cosimo and Dashtipour, Kia and Neri, Sabrina and Gasparini, Sara and Morabito, Francesco Carlo and others},
  journal={Sensors},
  volume={22},
  number={1},
  pages={129},
  year={2021},
  publisher={MDPI}
}


@article{bakhshayesh2019detecting,
  title={Detecting synchrony in EEG: A comparative study of functional connectivity measures},
  author={Bakhshayesh, Hanieh and Fitzgibbon, Sean P and Janani, Azin S and Grummett, Tyler S and Pope, Kenneth J},
  journal={Computers in biology and medicine},
  volume={105},
  pages={1--15},
  year={2019},
  publisher={Elsevier}
}

@article{wriessnegger2020inter,
  title={Inter-and intra-individual variability in brain oscillations during sports motor imagery},
  author={Wriessnegger, Selina C and M{\"u}ller-Putz, Gernot R and Brunner, Clemens and Sburlea, Andreea I},
  journal={Frontiers in human neuroscience},
  volume={14},
  pages={576241},
  year={2020},
  publisher={Frontiers Media SA}
}


@article{antonakakis2020inter,
  title={Inter-subject variability of skull conductivity and thickness in calibrated realistic head models},
  author={Antonakakis, Marios and Schrader, Sophie and Aydin, {\"U}mit and Khan, Asad and Gross, Joachim and Zervakis, Michalis and Rampp, Stefan and Wolters, Carsten H},
  journal={Neuroimage},
  volume={223},
  pages={117353},
  year={2020},
  publisher={Elsevier}
}


@article{huang2023discrepancy,
  title={Discrepancy between inter-and intra-subject variability in EEG-based motor imagery brain-computer interface: Evidence from multiple perspectives},
  author={Huang, Gan and Zhao, Zhiheng and Zhang, Shaorong and Hu, Zhenxing and Fan, Jiaming and Fu, Meisong and Chen, Jiale and Xiao, Yaqiong and Wang, Jun and Dan, Guo},
  journal={Frontiers in Neuroscience},
  volume={17},
  pages={1122661},
  year={2023},
  publisher={Frontiers}
}

@article{rashid2020current,
  title={Current status, challenges, and possible solutions of EEG-based brain-computer interface: a comprehensive review},
  author={Rashid, Mamunur and Sulaiman, Norizam and PP Abdul Majeed, Anwar and Musa, Rabiu Muazu and Ab Nasir, Ahmad Fakhri and Bari, Bifta Sama and Khatun, Sabira},
  journal={Frontiers in neurorobotics},
  pages={25},
  year={2020},
  publisher={Frontiers}
}


@article{luo2019class,
  title={Class discrepancy-guided sub-band filter-based common spatial pattern for motor imagery classification},
  author={Luo, Jing and Wang, Jie and Xu, Rong and Xu, Kailiang},
  journal={Journal of neuroscience methods},
  volume={323},
  pages={98--107},
  year={2019},
  publisher={Elsevier}
}


@article{padfield2019eeg,
  title={EEG-based brain-computer interfaces using motor-imagery: Techniques and challenges},
  author={Padfield, Natasha and Zabalza, Jaime and Zhao, Huimin and Masero, Valentin and Ren, Jinchang},
  journal={Sensors},
  volume={19},
  number={6},
  pages={1423},
  year={2019},
  publisher={MDPI}
}

@article{meers2020motor,
  title={Motor imagery alone drives corticospinal excitability during concurrent action observation and motor imagery},
  author={Meers, Rosie and Nuttall, Helen E and Vogt, Stefan},
  journal={Cortex},
  volume={126},
  pages={322--333},
  year={2020},
  publisher={Elsevier}
}

@article{talukdar2019motor,
  title={Motor imagery and mental fatigue: inter-relationship and EEG based estimation},
  author={Talukdar, Upasana and Hazarika, Shyamanta M and Gan, John Q},
  journal={Journal of computational neuroscience},
  volume={46},
  pages={55--76},
  year={2019},
  publisher={Springer}
}

@article{billinger2013single,
  title={Single-trial connectivity estimation for classification of motor imagery data},
  author={Billinger, Martin and Brunner, Clemens and M{\"u}ller-Putz, Gernot R},
  journal={Journal of neural engineering},
  volume={10},
  number={4},
  pages={046006},
  year={2013},
  publisher={IOP Publishing}
}


@inproceedings{rodrigues2020single,
  title={Single-Trial Functional Connectivity Dynamics of Event-Related Desynchronization for Motor Imagery EEG-Based Brain-Computer Interfaces},
  author={Rodrigues, PG and Fim-Neto, A and Sato, JR and Soriano, DC and Nasuto, SJ},
  booktitle={Brazilian Congress on Biomedical Engineering},
  pages={1887--1893},
  year={2020},
  organization={Springer}
}

@article{somers2018generic,
  title={A generic EEG artifact removal algorithm based on the multi-channel Wiener filter},
  author={Somers, Ben and Francart, Tom and Bertrand, Alexander},
  journal={Journal of neural engineering},
  volume={15},
  number={3},
  pages={036007},
  year={2018},
  publisher={IOP Publishing}
}

@article{si2020predicting,
  title={Predicting individual decision-making responses based on single-trial EEG},
  author={Si, Yajing and Li, Fali and Duan, Keyi and Tao, Qin and Li, Cunbo and Cao, Zehong and Zhang, Yangsong and Biswal, Bharat and Li, Peiyang and Yao, Dezhong and others},
  journal={NeuroImage},
  volume={206},
  pages={116333},
  year={2020},
  publisher={Elsevier}
}

@article{fogelson2013functional,
  title={Functional connectivity abnormalities during contextual processing in schizophrenia and in Parkinson’s disease},
  author={Fogelson, Noa and Li, Ling and Li, Yuan and Fernandez-del-Olmo, Miguel and Santos-Garcia, Diego and Peled, Avi},
  journal={Brain and cognition},
  volume={82},
  number={3},
  pages={243--253},
  year={2013},
  publisher={Elsevier}
}


@article{janapati2023advances,
  title={Advances in modern EEG-BCI signal processing: A review},
  author={Janapati, Ravichander and Dalal, Vishwas and Sengupta, Rakesh},
  journal={Materials Today: Proceedings},
  volume={80},
  pages={2563--2566},
  year={2023},
  publisher={Elsevier}
}

@article{alsharif2020neuromarketing,
  title={Neuromarketing approach: An overview and future research directions},
  author={Alsharif, AH and Salleh, NZM and Baharun, RBIN and Safaei, M},
  journal={Journal of Theoretical and Applied Information Technology},
  volume={98},
  number={7},
  pages={991--1001},
  year={2020}
}

@article{friston2002functional,
  title={Functional integration and inference in the brain},
  author={Friston, Karl},
  journal={Progress in neurobiology},
  volume={68},
  number={2},
  pages={113--143},
  year={2002},
  publisher={Elsevier}
}

@article{li2019brain,
  title={Brain rhythm sequencing using EEG signals: A case study on seizure detection},
  author={Li, Jia Wen and Barma, Shovan and Mak, Peng Un and Pun, Sio Hang and Vai, Mang I},
  journal={IEEE Access},
  volume={7},
  pages={160112--160124},
  year={2019},
  publisher={IEEE}
}


@article{barios2019synchronization,
  title={Synchronization of slow cortical rhythms during motor imagery-based brain--machine interface control},
  author={Barios, Juan A and Ezquerro, Santiago and Bertomeu-Motos, Arturo and Nann, Marius and Badesa, Fco Javier and Fernandez, Eduardo and Soekadar, Surjo R and Garcia-Aracil, Nicolas},
  journal={International journal of neural systems},
  volume={29},
  number={05},
  pages={1850045},
  year={2019},
  publisher={World Scientific}
}

@inproceedings{hamedi2014neural,
  title={Neural network-based three-class motor imagery classification using time-domain features for BCI applications},
  author={Hamedi, Mahyar and Salleh, Sh-Hussain and Noor, Alias Mohd and Mohammad-Rezazadeh, Iman},
  booktitle={2014 IEEE region 10 symposium},
  pages={204--207},
  year={2014},
  organization={IEEE}
}

@article{samuel2017towards,
  title={Towards efficient decoding of multiple classes of motor imagery limb movements based on EEG spectral and time domain descriptors},
  author={Samuel, Oluwarotimi Williams and Geng, Yanjuan and Li, Xiangxin and Li, Guanglin},
  journal={Journal of medical systems},
  volume={41},
  pages={1--13},
  year={2017},
  publisher={Springer}
}

@article{yilmaz2018quasi,
  title={A Quasi-probabilistic distribution model for EEG Signal classification by using 2-D signal representation},
  author={Yilmaz, Cagatay Murat and Kose, Cemal and Hatipoglu, Bahar},
  journal={Computer methods and programs in biomedicine},
  volume={162},
  pages={187--196},
  year={2018},
  publisher={Elsevier}
}

@article{batres2016quaternion,
  title={Quaternion-based signal analysis for motor imagery classification from electroencephalographic signals},
  author={Batres-Mendoza, Patricia and Montoro-Sanjose, Carlos R and Guerra-Hernandez, Erick I and Almanza-Ojeda, Dora L and Rostro-Gonzalez, Horacio and Romero-Troncoso, Rene J and Ibarra-Manzano, Mario A},
  journal={Sensors},
  volume={16},
  number={3},
  pages={336},
  year={2016},
  publisher={MDPI}
}

@article{rashkov2019natural,
  title={Natural image reconstruction from brain waves: a novel visual BCI system with native feedback},
  author={Rashkov, Grigory and Bobe, Anatoly and Fastovets, Dmitry and Komarova, Maria},
  journal={BioRxiv},
  pages={787101},
  year={2019},
  publisher={Cold Spring Harbor Laboratory}
}

@inproceedings{oikonomou2017comparison,
  title={A comparison study on EEG signal processing techniques using motor imagery EEG data},
  author={Oikonomou, Vangelis P and Georgiadis, Kostas and Liaros, George and Nikolopoulos, Spiros and Kompatsiaris, Ioannis},
  booktitle={2017 IEEE 30th international symposium on computer-based medical systems (CBMS)},
  pages={781--786},
  year={2017},
  organization={IEEE}
}

@article{sarraf2017eeg,
  title={EEG-based movement imagery classification using machine learning techniques and Welch’s power spectral density estimation},
  author={Sarraf, Saman},
  journal={American Scientific Research Journal for Engineering, Technology, and Sciences (ASRJETS)},
  volume={33},
  number={1},
  pages={124--145},
  year={2017}
}

@article{li2015feature,
  title={Feature learning from incomplete EEG with denoising autoencoder},
  author={Li, Junhua and Struzik, Zbigniew and Zhang, Liqing and Cichocki, Andrzej},
  journal={Neurocomputing},
  volume={165},
  pages={23--31},
  year={2015},
  publisher={Elsevier}
}

@article{roy2022comparative,
  title={A comparative approach for MI-based EEG signals classification using energy, power and entropy},
  author={Roy, G and Bhoi, AK and Bhaumik, S},
  journal={IRBM},
  volume={43},
  number={5},
  pages={434--446},
  year={2022},
  publisher={Elsevier}
}

@article{friston2013analysing,
  title={Analysing connectivity with Granger causality and dynamic causal modelling},
  author={Friston, Karl and Moran, Rosalyn and Seth, Anil K},
  journal={Current opinion in neurobiology},
  volume={23},
  number={2},
  pages={172--178},
  year={2013},
  publisher={Elsevier}
}

@article{cattan2018recommendations,
  title={Recommendations for integrating a P300-based brain computer interface in virtual reality environments for gaming},
  author={Cattan, Gr{\'e}goire and Mendoza, Cesar and Andreev, Anton and Congedo, Marco},
  journal={Computers},
  volume={7},
  number={2},
  pages={34},
  year={2018},
  publisher={MDPI}
}

@article{ahn2014review,
  title={A review of brain-computer interface games and an opinion survey from researchers, developers and users},
  author={Ahn, Minkyu and Lee, Mijin and Choi, Jinyoung and Jun, Sung Chan},
  journal={Sensors},
  volume={14},
  number={8},
  pages={14601--14633},
  year={2014},
  publisher={MDPI}
}

@article{ganin2013p300,
  title={A P300-based brain-computer interface with stimuli on moving objects: four-session single-trial and triple-trial tests with a game-like task design},
  author={Ganin, Ilya P and Shishkin, Sergei L and Kaplan, Alexander Y},
  journal={PloS one},
  volume={8},
  number={10},
  pages={e77755},
  year={2013},
  publisher={Public Library of Science San Francisco, USA}
}

@article{perdikis2018cybathlon,
  title={The Cybathlon BCI race: Successful longitudinal mutual learning with two tetraplegic users},
  author={Perdikis, Serafeim and Tonin, Luca and Saeedi, Sareh and Schneider, Christoph and Mill{\'a}n, Jos{\'e} del R},
  journal={PLoS biology},
  volume={16},
  number={5},
  pages={e2003787},
  year={2018},
  publisher={Public Library of Science San Francisco, CA USA}
}

@article{johnson2018combined,
  title={Combined rTMS and virtual reality brain--computer interface training for motor recovery after stroke},
  author={Johnson, Nessa N and Carey, James and Edelman, Bradley J and Doud, Alexander and Grande, Andrew and Lakshminarayan, Kamakshi and He, Bin},
  journal={Journal of neural engineering},
  volume={15},
  number={1},
  pages={016009},
  year={2018},
  publisher={IOP Publishing}
}

@article{ruffino2017neural,
  title={Neural plasticity during motor learning with motor imagery practice: Review and perspectives},
  author={Ruffino, C{\'e}lia and Papaxanthis, Charalambos and Lebon, Florent},
  journal={Neuroscience},
  volume={341},
  pages={61--78},
  year={2017},
  publisher={Elsevier}
}

@article{moran2012re,
  title={Re-imagining motor imagery: Building bridges between cognitive neuroscience and sport psychology},
  author={Moran, Aidan and Guillot, Aymeric and MacIntyre, Tadhg and Collet, Christian},
  journal={British Journal of Psychology},
  volume={103},
  number={2},
  pages={224--247},
  year={2012},
  publisher={Wiley Online Library}
}

@article{kraeutner2016characterizing,
  title={Characterizing skill acquisition through motor imagery with no prior physical practice.},
  author={Kraeutner, Sarah N and MacKenzie, Laura A and Westwood, David A and Boe, Shaun G},
  journal={Journal of Experimental Psychology: Human Perception and Performance},
  volume={42},
  number={2},
  pages={257},
  year={2016},
  publisher={American Psychological Association}
}

@article{wei2010sport,
  title={Sport expert's motor imagery: Functional imaging of professional motor skills and simple motor skills},
  author={Wei, Gaoxia and Luo, Jing},
  journal={Brain research},
  volume={1341},
  pages={52--62},
  year={2010},
  publisher={Elsevier}
}

@inproceedings{rimbert2020learning,
  title={Learning how to generate kinesthetic motor imagery using a BCI-based learning environment: A comparative study based on guided or trial-and-error approaches},
  author={Rimbert, S{\'e}bastien and Bougrain, Laurent and Fleck, St{\'e}phanie},
  booktitle={2020 IEEE International Conference on Systems, Man, and Cybernetics (SMC)},
  pages={2483--2498},
  year={2020},
  organization={IEEE}
}

@article{georgiadis2018exploiting,
  title={Exploiting the heightened phase synchrony in patients with neuromuscular disease for the establishment of efficient motor imagery BCIs},
  author={Georgiadis, Kostas and Laskaris, Nikos and Nikolopoulos, Spiros and Kompatsiaris, Ioannis},
  journal={Journal of neuroengineering and rehabilitation},
  volume={15},
  number={1},
  pages={1--18},
  year={2018},
  publisher={BioMed Central}
}

@article{meng2023rhythmic,
  title={Rhythmic temporal prediction enhances neural representations of movement intention for brain--computer interface},
  author={Meng, Jiayuan and Zhao, Yingru and Wang, Kun and Sun, Jinsong and Yi, Weibo and Xu, Fangzhou and Xu, Minpeng and Ming, Dong},
  journal={Journal of Neural Engineering},
  volume={20},
  number={6},
  pages={066004},
  year={2023},
  publisher={IOP Publishing}
}


@inproceedings{reuderink2011subject,
  title={A subject-independent brain-computer interface based on smoothed, second-order baselining},
  author={Reuderink, Boris and Farquhar, Jason and Poel, Mannes and Nijholt, Anton},
  booktitle={2011 Annual International Conference of the IEEE Engineering in Medicine and Biology Society},
  pages={4600--4604},
  year={2011},
  organization={IEEE}
}

@inproceedings{desbois2021functional,
  title={Functional Connectivity for BCI: OpenViBE implementation},
  author={Desbois, Arthur and Cattai, Tiziana and Corsi, Marie-Constance and de Vico Fallani, Fabrizio},
  booktitle={JJC-ICON’2021-Journ{\'e}e Jeunes Chercheurs en Interfaces Cerveau-Ordinateur et Neurofeedback},
  year={2021}
}

@article{gu2023decoding,
  title={Decoding of brain functional connections underlying natural grasp task using time-frequency cross mutual information},
  author={Gu, Hao and Wang, Jian and Han, Yan},
  journal={IEEE Access},
  year={2023},
  publisher={IEEE}
}

@inproceedings{akuthota2023eeg,
  title={EEG based Motor Imagery BCI using Four Class Iterative Filtering \& Four Class Filter Bank Common Spatial Pattern},
  author={Akuthota, Srinath and Rajkumar, K and Ravichander, J},
  booktitle={2023 International Conference on Advances in Electronics, Communication, Computing and Intelligent Information Systems (ICAECIS)},
  pages={429--434},
  year={2023},
  organization={IEEE}
}

@article{guo2020eeg,
  title={EEG classification by filter band component regularized common spatial pattern for motor imagery},
  author={Guo, Yao and Zhang, Yuan and Chen, Zhiqiang and Liu, Yi and Chen, Wei},
  journal={Biomedical Signal Processing and Control},
  volume={59},
  pages={101917},
  year={2020},
  publisher={Elsevier}
}

@article{khademi2023review,
  title={A review of critical challenges in MI-BCI: From conventional to deep learning methods},
  author={Khademi, Zahra and Ebrahimi, Farideh and Kordy, Hussain Montazery},
  journal={Journal of Neuroscience Methods},
  volume={383},
  pages={109736},
  year={2023},
  publisher={Elsevier}
}

@article{ghanbar2021correlation,
  title={Correlation-based common spatial pattern (CCSP): A novel extension of CSP for classification of motor imagery signal},
  author={Ghanbar, Khatereh Darvish and Rezaii, Tohid Yousefi and Farzamnia, Ali and Saad, Ismail},
  journal={PLoS One},
  volume={16},
  number={3},
  pages={1--18},
  year={2021},
  publisher={Public Library of Science}
}

@article{alizadeh2023multi,
  title={Multi-task EEG Signal Classification using Correlation-based IMF Selection and Multi-class CSP},
  author={Alizadeh, N and Afrakhteh, S and Mosavi, MR},
  journal={IEEE Access},
  year={2023},
  publisher={IEEE}
}

@article{wilroth2023improving,
  title={Improving EEG-based decoding of the locus of auditory attention through domain adaptation},
  author={Wilroth, Johanna and Bernhardsson, Bo and Heskebeck, Frida and Skoglund, Martin A and Bergeling, Carolina and Alickovic, Emina},
  journal={Journal of Neural Engineering},
  volume={20},
  number={6},
  pages={066022},
  year={2023},
  publisher={IOP Publishing}
}

@article{xu2020tangent,
  title={Tangent space spatial filters for interpretable and efficient Riemannian classification},
  author={Xu, Jiachen and Grosse-Wentrup, Moritz and Jayaram, Vinay},
  journal={Journal of Neural Engineering},
  volume={17},
  number={2},
  pages={026043},
  year={2020},
  publisher={IOP Publishing}
}


@article{liu2021densely,
  title={A densely connected multi-branch 3D convolutional neural network for motor imagery EEG decoding},
  author={Liu, Tianjun and Yang, Deling},
  journal={Brain Sciences},
  volume={11},
  number={2},
  pages={197},
  year={2021},
  publisher={MDPI}
}

@article{li2019novel,
  title={A novel MI-EEG imaging with the location information of electrodes},
  author={Li, Ming-Ai and Han, Jian-Fu and Duan, Li-Juan},
  journal={IEEE Access},
  volume={8},
  pages={3197--3211},
  year={2019},
  publisher={IEEE}
}


@inproceedings{zoumpourlis2022covmix,
  title={Covmix: Covariance mixing regularization for motor imagery decoding},
  author={Zoumpourlis, Georgios and Patras, Ioannis},
  booktitle={2022 10th International Winter Conference on Brain-Computer Interface (BCI)},
  pages={1--7},
  year={2022},
  organization={IEEE}
}

@article{xu2020learning,
  title={Learning EEG topographical representation for classification via convolutional neural network},
  author={Xu, Meiyan and Yao, Junfeng and Zhang, Zhihong and Li, Rui and Yang, Baorong and Li, Chunyan and Li, Jun and Zhang, Junsong},
  journal={Pattern Recognition},
  volume={105},
  pages={107390},
  year={2020},
  publisher={Elsevier}
}


@article{zhao2019multi,
  title={A multi-branch 3D convolutional neural network for EEG-based motor imagery classification},
  author={Zhao, Xinqiao and Zhang, Hongmiao and Zhu, Guilin and You, Fengxiang and Kuang, Shaolong and Sun, Lining},
  journal={IEEE transactions on neural systems and rehabilitation engineering},
  volume={27},
  number={10},
  pages={2164--2177},
  year={2019},
  publisher={IEEE}
}

@article{li2022bayesian,
  title={Bayesian Networks for Brain-Computer Interfaces: A Survey},
  author={Li, Pingsheng},
  journal={arXiv preprint arXiv:2206.07487},
  year={2022}
}

@article{ju2023graph,
  title={Graph Neural Networks on SPD Manifolds for Motor Imagery Classification: A Perspective From the Time--Frequency Analysis},
  author={Ju, Ce and Guan, Cuntai},
  journal={IEEE Transactions on Neural Networks and Learning Systems},
  year={2023},
  publisher={IEEE}
}

@article{liu2024cross,
  title={A cross-session motor imagery classification method based on Riemannian geometry and deep domain adaptation},
  author={Liu, Wenchao and Guo, Changjiang and Gao, Chang},
  journal={Expert Systems with Applications},
  volume={237},
  pages={121612},
  year={2024},
  publisher={Elsevier}
}


@article{miah2020motor,
  title={Motor-imagery classification using riemannian geometry with median absolute deviation},
  author={Miah, Abu Saleh Musa and Rahim, Md Abdur and Shin, Jungpil},
  journal={Electronics},
  volume={9},
  number={10},
  pages={1584},
  year={2020},
  publisher={MDPI}
}

@article{philip2022non,
  title={Non-stationarity Removal Techniques in MEG Data: A Review},
  author={Philip, Beril Susan and Prasad, Girijesh and Hemanth, D Jude},
  journal={Procedia Computer Science},
  volume={215},
  pages={824--833},
  year={2022},
  publisher={Elsevier}
}

@article{sorger2020real,
  title={Real-time fMRI for brain-computer interfacing},
  author={Sorger, Bettina and Goebel, Rainer},
  journal={Handbook of clinical neurology},
  volume={168},
  pages={289--302},
  year={2020},
  publisher={Elsevier}
}

@article{veena2020review,
  title={A review of non-invasive BCI devices},
  author={Veena, N and Anitha, N},
  journal={Int. J. Biomed. Eng. Technol},
  volume={34},
  number={3},
  pages={205--233},
  year={2020}
}

@article{zhuang2020state,
  title={State-of-the-art non-invasive brain--computer interface for neural rehabilitation: A review},
  author={Zhuang, Miaomiao and Wu, Qingheng and Wan, Feng and Hu, Yong},
  journal={Journal of Neurorestoratology},
  volume={8},
  number={1},
  pages={12--25},
  year={2020},
  publisher={Elsevier}
}

@article{yuan2021bci,
  title={BCI training effects on chronic stroke correlate with functional reorganization in motor-related regions: A concurrent EEG and fMRI study},
  author={Yuan, Kai and Chen, Cheng and Wang, Xin and Chu, Winnie Chiu-wing and Tong, Raymond Kai-yu},
  journal={Brain sciences},
  volume={11},
  number={1},
  pages={56},
  year={2021},
  publisher={MDPI}
}

@inproceedings{li2021review,
  title={A review of EEG acquisition, processing and application},
  author={Li, Bohao and Cheng, Tianshuo and Guo, Zexuan},
  booktitle={Journal of Physics: Conference Series},
  volume={1907},
  number={1},
  pages={012045},
  year={2021},
  organization={IOP Publishing}
}

@article{ramadan2017brain,
  title={Brain computer interface: control signals review},
  author={Ramadan, Rabie A and Vasilakos, Athanasios V},
  journal={Neurocomputing},
  volume={223},
  pages={26--44},
  year={2017},
  publisher={Elsevier}
}


@article{gu2021eeg,
  title={EEG-based brain-computer interfaces (BCIs): A survey of recent studies on signal sensing technologies and computational intelligence approaches and their applications},
  author={Gu, Xiaotong and Cao, Zehong and Jolfaei, Alireza and Xu, Peng and Wu, Dongrui and Jung, Tzyy-Ping and Lin, Chin-Teng},
  journal={IEEE/ACM transactions on computational biology and bioinformatics},
  volume={18},
  number={5},
  pages={1645--1666},
  year={2021},
  publisher={IEEE}
}

@article{frau2019quantification,
  title={Quantification of structural brain connectivity via a conductance model},
  author={Frau-Pascual, Aina and Fogarty, Morgan and Fischl, Bruce and Yendiki, Anastasia and Aganj, Iman and Alzheimer's Disease Neuroimaging Initiative and others},
  journal={NeuroImage},
  volume={189},
  pages={485--496},
  year={2019},
  publisher={Elsevier}
}

@article{ding2023study,
  title={Study of MI-BCI classification method based on the Riemannian transform of personalized EEG spatiotemporal features},
  author={Ding, Xiaotong and Yang, Lei and Li, Congsheng},
  journal={Mathematical Biosciences and Engineering},
  volume={20},
  number={7},
  pages={12454--12471},
  year={2023}
}

@article{van2015opportunities,
  title={Opportunities and methodological challenges in EEG and MEG resting state functional brain network research},
  author={Van Diessen, E and Numan, T and Van Dellen, E and Van Der Kooi, AW and Boersma, M and Hofman, D and Van Lutterveld, R and Van Dijk, BW and Van Straaten, ECW and Hillebrand, A and others},
  journal={Clinical Neurophysiology},
  volume={126},
  number={8},
  pages={1468--1481},
  year={2015},
  publisher={Elsevier}
}

@article{fagerholm2020dynamic,
  title={Dynamic causal modelling of phase-amplitude interactions},
  author={Fagerholm, Erik D and Moran, Rosalyn J and Violante, In{\^e}s R and Leech, Robert and Friston, Karl J},
  journal={NeuroImage},
  volume={208},
  pages={116452},
  year={2020},
  publisher={Elsevier}
}